3159 4967
256 387 328 452 ⁴264
647 387 673 440 S.
691 385 806 439 Aureli
823 386 1006 454 Augustini

264 578 410 644 subditae
440 577 503 642 siut
525 577 590 641 suis
612 576 698 655 uiris,
728 577 765 640 ut
787 579 820 642 et
841 578 868 642 si
890 577 945 659 qui
967 595 1027 642 non
1050 576 1186 640 eredunt
1208 577 1316 654 umbo,
1340 595 1397 658 per

264 680 433 746 mulierum
455 680 725 745 conuersationem
748 680 815 744 sine
837 681 934 745 uerbo
949 679 1029 743 lucri
1044 679 1131 756 liant,
1156 678 1396 744 considerantes

263 784 296 848 iu
323 784 435 848 timore
465 783 586 847 castam
615 783 884 847 conuersationem
914 784 1064 848 nostram.
1106 800 1240 864 quarum
1270 782 1312 846 sit
1333 799 1394 847 nou

264 887 460 952 extrinsecus
488 885 694 967 capillaturae
718 887 773 950 aut
802 885 1010 951 circumdatio
1041 885 1109 949 auri
1133 885 1189 949 aut
1218 885 1395 950 indumenti

263 987 525 1052 uestimentorum
554 985 676 1050 cultus:
705 986 763 1050 ssd
794 987 847 1069 qui
871 987 1074 1052 absconditus
1102 989 1151 1053 est
1173 987 1278 1052 cordis
1300 988 1435 1054 homos

262 1090 295 1154 iu
322 1089 618 1172 incorruptibilitate
647 1089 745 1171 quieti
776 1090 808 1155 et
835 1090 971 1155 modesti
1000 1090 1140 1172 spiritus,
1170 1090 1254 1172 quod
1283 1092 1332 1155 est
1360 1090 1393 1154 in

265 1193 435 1276 conspectu
452 1192 503 1256 dei
516 1191 671 1274 locuplex.
705 1192 750 1256 sic
767 1189 850 1258 enim
867 1192 1037 1277 aliquando
1053 1194 1086 1258 et
1100 1194 1249 1258 mulieres
1264 1194 1393 1258 sanctae

265 1295 426 1378 sperantes
456 1296 488 1360 iu
518 1295 576 1360 deo
604 1296 757 1360 ornabant
786 1314 830 1374 se,
860 1297 1023 1361 subiectae
1045 1297 1178 1379 propriis
1199 1297 1287 1373 uiris,
1311 1297 1394 1361 sicut

264 1398 360 1464 Sarra
382 1397 569 1462 oboediebat
591 1397 736 1462 Abrahae
761 1397 921 1463 dominum
944 1417 1016 1463 eum
1039 1417 1176 1463 uocans:
1203 1399 1293 1462 cuius
1316 1398 1392 1462 aslis

263 1499 349 1565 filiae
376 1501 455 1565 beno
485 1499 638 1564 facientes
669 1499 701 1564 et
728 1518 789 1564 uon
819 1500 969 1564 timentes
994 1501 1431 1583 nllamperturhatiouem.1o

266 1604 326 1667 uiri
349 1601 503 1680 simthor,
528 1602 747 1668 cohabitantes
769 1603 944 1668 secundum
960 1603 1135 1681 scientiam,
1151 1603 1243 1686 qnasi
1257 1604 1392 1668 infirmi-

267 1706 314 1771 ori
328 1723 406 1775 naso
421 1705 567 1769 muliebri
586 1703 790 1787 inpertientes
805 1706 954 1770 honorem
967 1706 1130 1788 tamquam
1142 1709 1175 1771 et
1186 1705 1392 1772 coheredibus

264 1809 387 1891 gratiae
414 1807 511 1884 uitae,
540 1808 578 1870 ut
605 1825 643 1870 ne
672 1807 872 1890 inpedientur
902 1808 1060 1874 orationes
1092 1809 1229 1874 uestme.
1267 1808 1300 1873 in
1328 1809 1393 1874 fide

265 1912 371 1975 autem
395 1929 502 1975 omnes
523 1909 709 1988 unianimes,
738 1910 966 1994 conpatientes,
993 1909 1200 1976 fraternitatis
1223 1912 1390 1988 amatores,

263 2013 493 2091 misericordes,
523 2012 668 2090 humiles,
697 2031 757 2078 non
785 2013 957 2079 reddentes
986 2015 1106 2080 malum
1134 2034 1190 2097 pro
1219 2014 1303 2079 malo
1335 2015 1389 2080 uel
1406 2037 1431 2079 n

263 2115 468 2182 maledictum
490 2135 545 2199 pro
567 2116 747 2196 maledicto,
771 2117 828 2183 sed
847 2137 864 2182 e
880 2119 1036 2182 contrario
1051 2118 1285 2196 benedicentes,
1314 2120 1387 2201 quia

262 2219 295 2283 in
322 2221 381 2284 hoc
411 2221 517 2284 uocati
540 2220 626 2298 estis,
649 2221 686 2284 ut
707 2221 958 2286 benedictionem
987 2221 1164 2286 hereditate
1186 2221 1385 2304 possideatis.

265 2323 317 2405 qui
346 2323 428 2388 enim
457 2323 526 2387 uult
553 2324 652 2389 uitam
676 2323 809 2407 diligere
832 2325 864 2388 et
885 2324 995 2390 uidere
1018 2323 1086 2390 dies
1108 2325 1215 2403 bonos,
1240 2327 1387 2390 coerceat

366 2531 382 2584 9
400 2528 433 2584 cf.
452 2528 518 2584 Gen.
537 2529 578 2594 18,
598 2529 631 2584 12
726 2531 758 2583 15
777 2529 809 2585 cl.
827 2530 905 2584 Prou
924 2529 965 2594 17,
984 2530 1017 2584 13
1117 2531 1150 2586 18
1168 2531 1200 2586 ci.
1218 2531 1262 2586 Ps.
1278 2530 1313 2584 sl
1332 2531 1391 2601 (381,

264 2617 375 2672 12-16·

263 2808 356 2858 nostra
379 2804 434 2872 ipse
457 2805 566 2872 pertuht
583 2805 612 2857 in
629 2819 736 2872 corpore
754 2819 801 2858 suo
819 2821 896 2874 anper
918 2805 1027 2874 lignum,
1050 2807 1080 2860 ut
1097 2807 1212 2876 peceatla
1229 2808 1335 2875 mortui,
1353 2808 1399 2860 iu»

262 2891 354 2945 stitiae
379 2890 506 2943 uiuamus.
533 2890 605 2943 cuius
625 2889 709 2960 (huius
728 2891 800 2959 edd.)
818 2889 899 2944 liuore
921 2891 1010 2945 sanati
1032 2892 1104 2946 estis.
1131 2892 1212 2946 eratis
1237 2895 1306 2946 enim
1324 2895 1392 2947 sicut

261 2991 325 3028 oues
344 2977 469 3038 errantes,
490 2974 538 3028 red
555 2975 673 3028 conuemi
692 2975 756 3030 estis
774 2991 844 3029 nunc
856 2976 891 3030 ad
902 2979 1035 3044 pastorem
1046 2979 1075 3030 et
1085 2977 1235 3047 episcopum
1246 2979 1392 3033 animarum

263 3063 410 3115 uestrarum
429 3077 448 3113 α
468 3063 514 3128 (cf.
533 3063 560 3128 c)
665 3060 796 3130 similiter]
815 3062 882 3116 cdd.
901 3065 929 3116 et
947 3064 1021 3116 P²oo

314 3164 411 3218 lurns
429 3169 480 3217 rurs
499 3165 562 3219 Rco
643 3165 678 3234 et]
698 3165 793 3220 om.S
870 3164 1013 3220 credente*
1032 3172 1071 3234 (ur
1088 3171 1168 3236 eros.)
1187 3168 1222 3220 Μ
1301 3168 1392 3221 tmu-

263 3249 353 3303 hercm
371 3249 466 3302 MP¹O
553 3249 715 3304 3tumorem
732 3249 793 3304 Mc
876 3267 929 3304 non
947 3257 985 3305 ht
1004 3251 1032 3307 R
1116 3252 1313 3322 lcaprllatura
1329 3252 1392 3308 135³

263 3353 298 3390 eo
396 3334 615 3389 curcumdarrorul
631 3337 681 3391 po,
707 3335 883 3391 curcunrdarro
903 3337 1085 3393 panchaeo
1179 3337 1347 3392 indumenta
1368 3339 1391 3406 (i

260 3440 296 3477 ec
315 3427 331 3477 d
346 3439 399 3492 per
417 3423 561 3490 rasuram)
582 3423 619 3475 M
702 3423 718 3474 5
738 3423 788 3492 qui]
810 3423 878 3492 quod
897 3421 924 3478 lc
1015 3425 1032 3478 6
1049 3426 1316 3495 mcormpulrrateru
1334 3428 1391 3493 (ce

263 3507 295 3578 S)
316 3507 379 3564 P¹S
453 3507 488 3577 et]
507 3525 538 3562 ao
558 3527 577 3562 o
655 3508 731 3578 quod]
752 3527 795 3578 qur
812 3509 877 3566 Rae
965 3511 1112 3581 ilocuplel
1127 3511 1230 3567 P¹RSv
1304 3512 1392 3582 siollr

264 3595 312 3652 ΟΕ
381 3599 487 3650 sanotae
505 3595 626 3649 mulieres
646 3612 680 3650 oo
757 3596 830 3665 8se]
849 3614 900 3652 om.
916 3597 1014 3652 MP'O
1088 3599 1180 3652 9lara
1199 3596 1322 3653 Pasas

259 3678 395 3736 habrahae
415 3682 466 3752 (he
488 3683 518 3748 0)
537 3683 636 3736 MP¹0
713 3681 795 3752 cuius]
816 3682 882 3736 cdd.
900 3689 948 3738 uos
963 3685 999 3736 P²
1084 3683 1118 3736 lo
1135 3684 1197 3752 non]
1216 3700 1266 3738 our.
1285 3681 1322 3737 P·

261 3769 432 3838 pertimentes
450 3786 485 3823 oo
572 3765 602 3822 11
622 3775 737 3823 forenna
756 3777 819 3835 (-o1a
836 3769 882 3837 do
903 3769 963 3824 ΜΟ
1053 3767 1085 3822 12
1102 3775 1158 3822 uah
1175 3769 1211 3832 It,
1238 3769 1340 3823 uasenlo
1359 3767 1394 3824 δ”

256 3871 297 3930 Δαι)
382 3853 503 3910 muhebrr
523 3855 572 3924 (bru
590 3857 622 3910 in
640 3855 753 3924 rasps
830 3873 1025 3926 impartientes
1044 3857 1088 3912 Ro
1172 3857 1207 3925 et]
1227 3873 1279 3910 om.
1296 3855 1324 3911 R

263 3937 296 3994 13
313 3943 355 4010 ne]
374 3957 428 3996 nou
446 3959 480 3996 oo
556 3939 589 3994 14
607 3948 702 3996 elsote
721 3949 810 3996 ornnes
825 3942 863 3997 P²
938 3943 971 3997 15
988 3941 1176 4010 misericordes]
1196 3943 1262 3997 add.
1280 3941 1392 3997 modelti

263 4043 297 4080 ac
394 4025 425 4080 15
443 4025 573 4082 redentor
588 4025 626 4082 M
720 4027 781 4082 161
799 4027 946 4083 maledicto
964 4027 1002 4082 Μ
1084 4027 1271 4098 pmaledrctu
1290 4027 1318 4092 0,
1344 4045 1391 4096 pro

258 4146 424 4200 maledicto*
445 4151 467 4213 (s
482 4151 551 4216 ros.)
573 4151 600 4202 P
733 4150 764 4203 ll
782 4121 900 4203 here⁴¹“‘³
918 4151 960 4218 Μ,
986 4148 1148 4203 herodrrate
1166 4149 1196 4211 0,
1223 4148 1395 4203 hereditans

263 4232 298 4286 Ρ1
392 4232 546 4300 poledeerrl
561 4235 598 4288 M
693 4235 725 4289 18
743 4239 770 4289 et
787 4235 878 4290 uidere
896 4251 947 4289 oar.
964 4236 1000 4289 ΡΙ
1095 4235 1152 4288 dres
1169 4234 1260 4288 undere
1278 4235 1322 4290 Ro

262 4317 346 4372 bonus
363 4318 398 4370 Μ
401 4319 434 4370 Ρι
