3159 4967
379 417 425 472 Dc
443 417 570 473 diuinis
587 419 766 488 scripturis
784 419 855 473 sine
874 419 1057 489 Speculum.
1218 423 1280 491 651

153 610 267 674 terrae.
317 607 417 673 Item
453 608 562 674 illice
599 607 674 675 Vidi
709 608 841 675 arietem
874 609 1021 677 cornibus
1051 610 1281 693 percutientem

155 711 328 779 secundum
357 730 445 777 mare
469 712 501 777 et
523 712 701 796 aquilonem
724 712 757 777 et
779 712 937 777 austrumt
968 712 1001 778 et
1030 732 1137 779 omnes
1158 713 1282 779 hestiae

154 832 215 879 non
245 814 371 881 stabant
398 815 431 881 in
460 815 629 900 conspectu
661 816 738 893 eius,
769 815 801 881 et
829 834 890 881 non
918 816 986 881 erat
1008 816 1061 899 qni
1084 815 1219 901 eriperet
1241 815 1282 880 de

154 936 250 985 mann
281 919 358 987 eins.
408 920 509 985 Item
538 918 576 983 in
606 918 789 984 ezechiel
818 918 1029 1002 prophete:
1058 920 1220 1003 Principes
1247 918 1281 983 in

128 1020 259 1087 emedio
288 1022 355 1087 eins
385 1022 467 1088 sicnt
494 1022 603 1088 leones
630 1022 792 1106 rugientes
819 1041 940 1106 rapere,
971 1023 1092 1088 animas
1118 1022 1280 1087 hominum

155 1124 344 1191 decorantes
372 1124 403 1190 in
432 1124 573 1208 potentia
603 1142 669 1189 sua.
714 1125 815 1190 Item
836 1125 946 1190 illic:
975 1124 1136 1208 Principes
1160 1125 1227 1190 eins
1248 1124 1281 1190 in

154 1227 259 1293 medio
282 1228 350 1292 eius
372 1226 454 1292 sicut
480 1226 547 1311 lupi
568 1226 726 1311 rapientes
748 1229 874 1312 rapinas
899 1227 940 1292 ad
962 1227 1182 1294 effundendum
1205 1232 1281 1293 san-

153 1332 291 1417 gninem,
313 1332 350 1396 nt
372 1330 507 1395 auaritia
520 1330 750 1414 possideantur.
787 1331 888 1395 Item
909 1332 950 1396 in
974 1330 1282 1397 ecclesiastico:

153 1434 228 1501 Noli
251 1452 319 1501 esse
343 1433 425 1501 sicut
445 1433 497 1499 leo
519 1433 551 1501 in
568 1434 661 1500 domo
682 1435 748 1514 tna,
773 1437 918 1500 euertens
942 1435 1133 1501 domesticos
1155 1436 1227 1500 tuos
1250 1434 1284 1499 et

116 1560 142 1600 ιο
156 1539 334 1622 opprimens
356 1536 517 1603 subiectos
537 1537 605 1602 tibi.
650 1538 751 1603 Item
772 1539 810 1603 in
833 1539 987 1621 psalmo
1009 1538 1103 1605 XXI:
1135 1536 1281 1603 Circum·

157 1640 312 1707 dederunt
332 1659 384 1706 me
405 1639 499 1705 uituli
520 1640 623 1720 multi,
645 1641 730 1707 tauri
751 1642 885 1724 pingues
900 1641 1091 1708 obsederunt
1112 1660 1173 1707 me.
1204 1659 1282 1723 ape-

153 1744 286 1812 ruerunt
311 1743 345 1809 in
371 1762 423 1809 me
447 1760 482 1809 os
504 1761 597 1809 snum
619 1743 702 1809 sient
722 1744 774 1809 leo
796 1744 921 1828 rapiens
945 1746 977 1810 et
997 1745 1136 1829 rugiens.
1180 1742 1282 1809 Item

154 1848 193 1914 in
216 1847 424 1930 euangelio
454 1845 669 1914 secundnm
694 1846 942 1913 matthaeum
969 1846 1168 1914 iohannes
1188 1848 1282 1931 bap-

153 1950 270 2017 tista:
306 1949 426 2015 Videns
460 1950 566 2015 sutem
599 1949 717 2016 multos
751 1968 789 2015 er
821 1950 995 2035 pharisaeis
1030 1952 1062 2016 et
1094 1948 1283 2016 sadducaeis

117 2150 144 2190 15
246 2124 341 2186 :Vidi
363 2125 479 2184 arietem
501 2125 633 2185 cornibus
654 2127 858 2202 percutientem
880 2128 1034 2187 secundnm
1054 2144 1131 2187 mare
1152 2130 1181 2187 et
1202 2125 1282 2202 aqui·
1314 2145 1338 2186 cr

154 2212 219 2271 lone
248 2211 277 2271 et
305 2212 433 2271 anstrum
454 2212 483 2270 et
504 2226 600 2270 omnes
621 2212 731 2271 bestias
760 2228 816 2273 non
846 2213 963 2272 stabant
984 2213 1013 2273 in
1035 2216 1189 2288 conspectu
1209 2213 1281 2273 eins.

154 2297 196 2356 In
217 2296 342 2357 ezechi
365 2312 437 2370 cap.
541 2314 548 2353 :
570 2296 719 2371 Principes
740 2297 769 2355 in
792 2297 885 2357 medio
906 2299 968 2357 eins
990 2299 1065 2357 sicut
1085 2298 1181 2359 leones
1203 2297 1282 2367 rugi.

155 2384 246 2442 entes.
282 2380 370 2441 Item
391 2380 461 2440 ibi:
483 2381 631 2456 Principes
647 2382 709 2442 eins
723 2382 754 2439 in
767 2382 860 2441 medio
874 2384 936 2442 eins
953 2383 1027 2443 sient
1046 2382 1108 2459 lnpi
1129 2384 1282 2458 rapientes.

155 2467 198 2527 In
227 2464 491 2527 ecclesiastico
520 2482 595 2542 cap.
698 2484 705 2525 ε
735 2466 801 2527 Noli
823 2484 888 2527 csse
909 2468 985 2528 sient
1012 2468 1056 2528 leo
1078 2469 1109 2527 in
1130 2468 1211 2529 domo
1232 2470 1285 2527 tna
1316 2468 1322 2499 ‘

116 2554 284 2614 soenerhns
308 2551 467 2612 donesticos
488 2553 562 2611 tuoe.
598 2552 639 2611 In
659 2554 800 2628 psalmo
827 2554 910 2614 m:
933 2553 1180 2616 circumdederunt
1200 2552 1284 2613 uituli

154 2639 246 2710 multi,
268 2638 343 2697 tauri
364 2637 496 2713 pingues.
540 2638 581 2697 In
601 2640 745 2699 mstheo
767 2654 840 2717 cap.
862 2638 911 2699 11:
939 2639 1097 2715 Progenies
1121 2639 1284 2715 niperarnm

154 2810 304 2872 nisione
336 2806 419 2871 vm:
452 2808 519 2869 Vidi
552 2810 668 2869 arietem
700 2810 833 2871 cornibus
864 2810 1049 2870 uentilantem
1080 2827 1195 2885 nsque
1226 2826 1283 2907 non
1311 2826 1338 2887 p

154 2917 286 2992 poterant
316 2914 447 2973 resistere
481 2913 507 2973 ei
536 2930 625 2988 neque
658 2912 772 2974 liberari
802 2913 836 2973 de
863 2931 950 2973 manu
978 2914 1049 2974 eins.
1094 2915 1134 2974 in
1163 2915 1282 2975 ezech.

156 3018 231 3077 cap.
319 3019 327 3057 ε
351 2998 512 3059 Coniuratis
534 3000 733 3075 prophetarum
754 2999 784 3059 in
804 2998 897 3059 medio
919 3000 980 3059 eius
1002 3017 1117 3074 usqne
1138 2999 1233 3075 inopis
1255 3001 1285 3059 et

117 3087 294 3162 coprsetium
327 3086 503 3161 acceperunt.
547 3083 634 3144 Item
657 3101 730 3159 cep.
820 3104 828 3142 ε
860 3085 1009 3160 Principes
1039 3085 1101 3145 eius
1133 3086 1165 3145 in
1192 3084 1283 3144 medio

156 3172 233 3233 illins
262 3172 345 3246 qussi
372 3171 433 3245 lupi
459 3186 572 3244 nsque
597 3172 626 3229 et
648 3187 733 3230 auare
755 3170 891 3231 sectanda
910 3171 998 3231 lucra.
1041 3172 1083 3230 In
1110 3171 1282 3231 ecclesis?

158 3258 251 3317 stico
273 3274 345 3331 cap.
368 3257 440 3316 1111:
462 3255 527 3316 Noli
550 3272 614 3316 esse
636 3256 711 3315 siem
727 3256 771 3315 leo
786 3257 818 3316 in
833 3256 914 3316 domo
927 3258 988 3321 tus,
1004 3258 1134 3317 euertens
1148 3256 1282 3317 domesti-

127 3366 131 3376 ·
157 3358 205 3403 cos
227 3344 294 3403 tuos
316 3344 345 3401 et
365 3342 526 3417 obprimens
548 3342 690 3401 subiectos
718 3341 781 3401 tibi.
825 3342 868 3401 In
889 3342 1027 3416 psalmo
1050 3344 1128 3401 XXI:
1158 3342 1282 3402 Circum·

157 3427 293 3488 dederunt
313 3445 358 3487 me
380 3426 464 3487 nitnli
491 3442 609 3499 nsque
637 3427 713 3486 sicut
732 3428 776 3487 leo
798 3428 913 3502 rapiens
935 3429 964 3486 et
984 3428 1112 3502 rugiens.
1157 3428 1283 3489 Secun-

117 3514 237 3574 eodum
258 3514 437 3574 matheum
458 3529 531 3587 cap.
554 3512 599 3571 11:
628 3513 786 3587 Progenies
811 3512 971 3587 niperarnm
993 3514 1058 3589 qnis
1080 3514 1286 3575 demonstrauit

259 3679 367 3735 IDan.
385 3678 446 3746 8,4
548 3676 680 3733 tEscch.
698 3677 740 3747 22,
758 3678 793 3731 25
895 3677 966 3733 cib.
983 3678 1017 3732 27
1121 3678 1237 3733 ehem
1255 3678 1284 3742 4,

155 3764 190 3819 30
207 3764 259 3833 (35)
362 3764 396 3820 10
413 3764 458 3819 Ps.
475 3763 518 3827 sl.
539 3762 640 3817 13-14
744 3764 777 3818 14
794 3762 891 3819 uach
909 3764 935 3827 3,
954 3764 1039 3817 7-10

208 3917 288 3972 lubi
305 3934 384 3988 snpra
400 3916 488 3971 MLO
580 3915 756 3986 2aqniienae
773 3916 812 3971 M
895 3916 996 3971 bestias
1013 3916 1102 3973 MLC
1194 3916 1284 3970 Beta-

155 4004 224 4059 bunt
248 4004 288 4073 L,
317 4005 445 4071 πήσεται
549 4002 691 4072 eriperetur
717 4003 745 4058 L
855 4002 1043 4059 tmannsS
1141 4001 1285 4056 hiezechiel

156 4090 183 4146 L
286 4088 388 4159 ofilio]
410 4088 449 4142 ihi
471 4088 562 4144 MLC
662 4086 869 4158 Sponsideatur
892 4088 978 4144 MLC
1082 4088 1115 4141 10
1135 4087 1286 4157 obprimens

156 4176 183 4231 L
287 4175 317 4229 11
347 4174 501 4229 obsiderunt
526 4174 565 4228 M
665 4176 840 4243 apperuernnt
865 4174 905 4228 M
1005 4172 1038 4227 12
1063 4173 1169 4228 rabiens
1197 4172 1220 4227 S

157 4260 190 4315 13
209 4260 238 4315 in
256 4276 349 4331 eusng.
367 4276 418 4315 om.
436 4259 524 4315 MLG
626 4246 778 4329 euuanfiS
876 4259 1042 4315 iohannisS
1094 4254 1097 4263 ’
1141 4257 1175 4311 14
1197 4260 1285 4313 antem

156 4362 208 4401 oss.
226 4344 313 4401 MLO
413 4344 583 4416 phariseisO
683 4343 822 4399 sadduceis
839 4343 940 4411 (saduc
960 4344 990 4413 C)
1007 4344 1061 4401 Lo
