3159 4967
256 439 321 509 3(ss
483 441 529 494 lis
547 439 673 494 diuinis
691 439 869 510 seripturis
885 440 960 494 siue
977 440 1158 510 speratum

258 627 411 694 aduersus
435 646 522 694 enm:
546 629 580 693 et
599 628 705 712 tetigit
725 627 927 694 letibrdinem
948 629 1077 694 femoris
1095 630 1173 708 eius
1187 629 1222 694 et
1235 629 1388 712 obstipuit

257 732 392 797 latitudo
419 731 545 798 femoris
572 731 673 812 iacob,
704 751 776 798 oum
802 733 977 798 luotnretur
1004 751 1078 797 oum
1100 751 1147 797 eo.
1186 733 1219 797 et
1240 732 1319 796 dixit
1340 730 1386 798 ei:

258 835 382 902 dimitte
414 855 477 914 rue,
511 835 653 902 escendit
686 837 766 901 onim
797 835 909 901 oriens.
947 836 981 900 et
1006 835 1098 902 ieoob
1132 835 1227 902 dixit:
1262 855 1324 900 non
1349 836 1386 900 te

188 983 190 992 ι
258 939 391 1018 dimitto,
415 939 547 1004 nisime
569 938 776 1005 benedixeris.
815 938 895 1004 dixit
910 939 1016 1004 sutem
1041 939 1084 1004 ei:
1109 938 1194 1021 qnod
1207 957 1321 1005 nomen
1335 938 1388 1004 est

255 1043 335 1108 tibi?
359 1043 391 1108 st
411 1042 467 1107 ille
489 1041 581 1108 dixit:
604 1042 705 1108 ieoob.
740 1040 819 1107 dixit
834 1043 940 1108 autom
956 1041 1000 1106 ei:
1015 1061 1076 1108 non
1091 1041 1257 1108 nocebitur
1272 1060 1386 1107 nomen
1414 1072 1428 1112 ε

255 1146 344 1212 tuum
373 1146 474 1222 isoob,
504 1144 562 1210 esd
588 1145 706 1210 israhel
734 1145 795 1210 orit
822 1163 935 1211 nomen
957 1147 1064 1212 tuum:
1095 1146 1170 1229 quie
1196 1146 1387 1211 consuluisti

255 1269 328 1316 oum
357 1249 426 1327 deo,
458 1248 489 1314 ot
512 1267 584 1313 oum
605 1247 782 1314 hominibus
804 1249 917 1331 potone
943 1248 1047 1314 leotns
1070 1249 1141 1314 eris
1176 1249 1388 1332 interrogauit

256 1371 326 1418 eum
356 1353 447 1418 ieoob
477 1354 509 1417 et
537 1351 630 1418 dixit:
657 1353 765 1420 indies
785 1352 863 1419 mihi
885 1371 999 1418 nomen
1019 1355 1119 1418 muru
1159 1355 1193 1420 et
1212 1353 1268 1418 ille
1290 1353 1386 1418 dixit:

254 1457 291 1521 ut
318 1457 393 1541 quid
420 1457 597 1540 interroges
624 1475 736 1522 nomon
761 1462 892 1522 meum?
920 1455 1068 1540 etipsud
1089 1456 1140 1522 est
1160 1455 1314 1522 mirabile.
1353 1455 1387 1520 et

254 1560 416 1626 benedixit
443 1578 513 1624 eum
544 1559 597 1624 ibi.
636 1561 669 1624 et
697 1559 826 1625 uooeuit
852 1561 943 1626 iaoob
972 1578 1084 1626 nomen
1112 1559 1176 1626 looi
1196 1558 1282 1624 illins
1304 1556 1386 1623 nisio
1400 1585 1428 1625 ιο

255 1663 316 1728 dei.
354 1662 420 1728 uidi
443 1663 525 1728 enim
539 1661 633 1728 deum
656 1661 738 1727 leoio
754 1662 796 1728 ed
810 1661 934 1742 iuoiern,
962 1663 996 1727 et
1009 1663 1102 1728 selue
1114 1660 1201 1728 teoto
1217 1661 1266 1726 est
1279 1661 1387 1726 enims

253 1783 334 1830 mou.
379 1767 479 1832 Item
507 1765 617 1832 illio:
650 1764 737 1831 Dixit
766 1766 872 1831 entem
907 1765 986 1833 dens
1020 1765 1061 1831 ed
1086 1765 1196 1831 iacob:
1229 1783 1324 1847 surgo
1353 1764 1387 1829 ot

254 1867 390 1932 essendo
411 1870 443 1932 in
470 1868 576 1933 loonm
604 1867 714 1932 bethel
735 1869 769 1932 et
789 1867 900 1932 habite
927 1867 974 1933 ibi
995 1867 1028 1933 st
1048 1867 1099 1933 leo
1120 1869 1167 1934 ibi
1190 1867 1291 1933 elture
1313 1867 1384 1946 deo,

253 1971 307 2052 qni
339 1969 427 2036 uisus
450 1971 499 2036 est
529 1971 597 2048 tibi,
629 1990 700 2036 oum
728 1970 894 2036 recederes
925 1988 944 2035 e
970 1969 1052 2036 isoio
1081 1989 1157 2035 esau
1192 1969 1299 2035 fratris
1327 1969 1384 2034 tui

252 2071 353 2136 Item
375 2075 412 2138 in
435 2074 621 2142 numeris:
648 2073 718 2138 Non
742 2073 803 2137 orit
823 2072 914 2138 labor
935 2073 967 2138 in
989 2072 1081 2138 ieoob
1100 2091 1202 2156 neque
1225 2072 1385 2138 uidebitur
1401 2097 1428 2140 ιε

255 2174 344 2239 dolor
376 2175 408 2239 in
440 2175 566 2241 israhel.
607 2175 750 2241 dominus
779 2175 858 2241 deus
887 2175 954 2240 eius
983 2194 1056 2240 oum
1085 2195 1122 2241 eo
1154 2175 1212 2254 est,
1247 2174 1386 2240 utillud

251 2277 449 2361 praeclarum
466 2279 653 2362 principium
669 2299 738 2344 oum
763 2281 840 2363 ipso.
879 2281 983 2344 Item
1005 2279 1044 2344 in
1066 2278 1169 2344 libro
1190 2277 1386 2343 iudicumt

250 2381 383 2446 Factum
408 2383 456 2446 ost
480 2383 594 2460 entem,
619 2401 690 2448 oum
714 2382 817 2448 edhno
841 2377 926 2448 estet
946 2382 1069 2466 gedeon
1095 2382 1128 2446 in
1149 2380 1258 2465 gotera
1285 2379 1386 2463 petris

199 2573 221 2613 α
249 2559 364 2618 nsque
396 2543 478 2604 selue
503 2543 580 2602 seete
608 2545 652 2602 est
674 2543 767 2602 anime
795 2559 866 2602 moe.
910 2543 1016 2602 Item:
1037 2542 1119 2601 Dixit
1141 2543 1235 2600 eutem
1256 2539 1326 2599 deus
1350 2539 1386 2597 sd

249 2631 330 2690 isoob
361 2647 476 2704 nsque
506 2646 569 2688 uum
597 2629 744 2688 recederes
767 2646 785 2686 e
807 2630 879 2687 leole
909 2629 1007 2688 trebie
1035 2628 1078 2687 tui
1108 2645 1186 2688 esen.
1230 2627 1321 2685 Item
1349 2625 1429 2684 ineo

249 2717 411 2775 numeris
437 2709 554 2796 (mue)
580 2729 654 2789 oap.
745 2713 1140 2774 :Nonoritlsborinieoob
1164 2729 1279 2786 nsque
1304 2721 1398 2786 pree·

249 2803 355 2860 olerum
377 2801 546 2876 principium
569 2817 634 2859 oum
655 2816 696 2859 eo.
738 2799 778 2858 In
799 2799 960 2858 indicum
982 2816 1054 2874 oep.
1078 2799 1175 2859 VIIII:
1198 2797 1318 2856 Factum
1342 2798 1388 2856 oet

248 2889 342 2946 entem
357 2903 421 2946 oum
436 2887 528 2946 adhue
544 2887 620 2946 osset
632 2885 741 2959 gedeon
755 2901 869 2959 nsque
883 2885 914 2944 in
927 2885 1063 2946 uertioem
1073 2899 1155 2944 meos
1172 2877 1294 2965 (molor)
1312 2898 1386 2957 osu.

195 3069 219 3128 μ
249 3043 331 3102 selue
344 3043 422 3100 laete
436 3045 481 3102 est
496 3042 591 3108 enimn
605 3057 677 3100 mea.
709 3041 798 3100 Item
820 3055 896 3114 oep.
913 3040 1045 3101 XXVIII:
1067 3040 1181 3098 Intoron
1194 3038 1328 3112 loquutus
1342 3040 1389 3098 est

248 3128 318 3188 deus
344 3127 380 3186 ed
401 3128 481 3187 isoob
504 3143 616 3201 usqne
641 3124 752 3200 quando
776 3125 910 3199 lugiobee
939 3120 1036 3207 (bet)
1064 3141 1134 3185 essu
1162 3124 1278 3183 lretrem
1307 3126 1430 3183 tuumne

250 3209 362 3293 (enum,
377 3213 392 3272 l
404 3207 501 3292 rao).
528 3211 568 3272 In
591 3211 755 3271 numeris
774 3206 896 3291 (numi)
921 3227 996 3287 capr
1012 3209 1108 3274 VIIII:
1129 3211 1195 3270 Non
1216 3211 1262 3268 eet
1282 3207 1389 3268 idolum

246 3299 276 3358 in
299 3299 379 3358 isoob
403 3315 517 3371 nsque
548 3297 685 3358 uictoriae
714 3297 794 3376 regie
815 3297 847 3354 in
868 3296 928 3356 illo.
970 3297 1011 3356 In
1033 3291 1196 3356 indicum
1217 3311 1293 3369 oep.
1316 3293 1388 3354 1111:

247 3385 340 3456 Quum
375 3386 471 3443 eutem
504 3383 597 3443 edbuo
630 3385 707 3442 esset
738 3381 847 3456 gedeon
876 3382 907 3440 in
935 3384 1024 3457 ephra
1050 3398 1163 3455 neque
1192 3398 1277 3455 snper
1305 3396 1390 3454 qnam

361 3549 394 3604 12
412 3549 477 3606 Gen.
497 3549 572 3614 85‚1
648 3549 866 3614 Ι1511111123,
886 3548 918 3602 21
1025 3547 1058 3602 18
1074 3547 1131 3603 Iud.
1150 3547 1175 3613 6,
1194 3547 1297 3600 bl-bo

309 3704 465 3760 lieemoris
485 3705 529 3760 So
627 3703 763 3773 obstupuit
785 3705 832 3760 VO
931 3703 1095 3757 tfeemoris
1119 3703 1142 3758 S
1242 3701 1392 3756 Sdemitts

246 3793 269 3848 S
373 3791 468 3861 oriens]
487 3807 581 3845 aurore
598 3791 730 3846 MVLOo
823 3788 1015 3853 distrahel'S‚
1042 3790 1091 3842 isrl
1109 3789 1198 3844 MVO
1298 3788 1392 3841 ‘lenm

246 3879 285 3947 eo]
309 3881 341 3932 ed
366 3877 403 3933 M
422 3878 466 3942 ¹V,
494 3877 523 3930 in
541 3881 573 3931 ed
592 3877 646 3941 Μ’,
675 3877 699 3932 ei
718 3875 752 3942 L,
780 3881 854 3930 meod
877 3876 901 3931 0
983 3873 1071 3929 iectus
1090 3874 1325 3929 omisissem)

242 3961 336 4034 gmihi
363 3962 432 4033 quod
446 3965 680 4017 estromentuurn
692 3962 810 4018 MVLO
896 3961 997 4015 mbo:
1015 3963 1043 4014 ot
1054 3961 1098 4015 dle
1112 3959 1179 4014 dixit
1189 3961 1221 4012 ut
1233 3957 1295 4029 quid
1307 3973 1395 4027 usuros

236 4051 267 4103 te
281 4067 307 4103 rn
325 4051 354 4102 in
388 4049 455 4104 libro
475 4049 622 4117 sapientise
642 4051 678 4116 (p.
697 4049 825 4118 302,15)
845 4063 895 4102 oen.
918 4047 946 4102 V
1035 4046 1128 4114 9ipsd
1151 4045 1174 4101 0
1268 4043 1301 4098 lo
1317 4043 1395 4098 isoob

241 4129 418 4197 ammio
520 4135 552 4188 11
572 4133 657 4204 deum]
677 4133 739 4187 dllrn
757 4134 847 4189 MLO
948 4131 1079 4187 sedsed
1180 4129 1214 4185 12
1230 4135 1274 4184 md
1294 4133 1329 4208 (u
1346 4129 1396 4184 tin.

239 4238 273 4275 m.
302 4223 333 4288 2)
366 4221 389 4276 0
473 4218 507 4272 13
526 4219 678 4274 eltsremS
768 4217 801 4272 14
817 4217 907 4272 fratris
924 4217 965 4270 tui
984 4232 1047 4270 esen
1064 4215 1150 4271 Meo
1236 4215 1268 4269 16
1286 4214 1398 4269 istrebel

390 4305 429 4376 eo]
457 4307 514 4374 ipso
541 4305 632 4361 Mne
741 4305 773 4358 17
799 4304 866 4374 ipso]
893 4319 925 4358 eo
952 4302 1042 4358 MLG
1143 4300 1177 4356 18
1202 4301 1294 4371 golere
1320 4302 1399 4356 ML:

240 4391 334 4459 gulere
376 4391 404 4454 S,
432 4390 563 4447 coleret}
