3159 4967
440 444 487 499 Do
504 444 634 500 diuInis
651 445 833 515 scripturis
851 446 923 501 siue
942 446 1124 517 Speculum.
1285 446 1349 514 539

215 634 369 703 nxxn1:
406 634 494 699 Tuus
524 634 573 700 est
602 633 671 699 dies
694 634 727 700 et
748 633 806 699 tua
829 634 878 699 est
899 651 975 700 nox:
1009 634 1045 701 tn
1067 633 1172 701 fecisti
1194 633 1293 701 solem
1317 635 1350 699 et

213 740 331 805 lunam.
368 738 405 802 tn
426 736 532 802 feoIsti
554 755 661 803 omnes
682 738 835 805 terminos
856 739 977 803 terrae:
1002 738 1157 805 aestatem
1180 738 1213 803 et
1234 755 1290 803 ner
1311 737 1348 803 tn

215 841 320 907 fecisti
343 858 390 905 ea
434 841 535 906 Item
556 840 596 905 in
618 839 772 923 psalmo
793 840 1006 907 LXXXVIII:
1032 841 1093 907 Tui
1115 842 1188 907 sunt
1210 840 1293 907 caeli
1316 841 1349 905 et

214 947 271 1011 tua
301 946 351 1010 est
377 945 474 1025 terra,
506 944 615 1010 orbem
636 944 793 1010 terrarum
817 946 849 1009 et
870 943 1099 1028 plenitudinem
1122 943 1190 1008 eius
1216 943 1253 1008 tu
1275 942 1347 1009 Inn-

181 1046 309 1138 adasti.
353 1046 455 1114 Item
481 1047 519 1113 in
542 1045 697 1131 psalmo
721 1046 900 1115 CXLVIII:
932 1047 1077 1113 Laudato
1112 1046 1273 1113 dommum
1308 1046 1347 1113 de

216 1152 324 1229 caelis,
354 1150 484 1217 laudate
515 1170 588 1217 eum
616 1150 649 1217 in
680 1150 824 1217 excelsis.
857 1150 988 1217 laudate
1016 1169 1087 1216 enm
1111 1168 1219 1216 omnes
1243 1149 1347 1233 angeli

216 1256 294 1334 eius,
322 1254 453 1321 laudate
481 1272 554 1320 eum
582 1272 691 1320 omnes
718 1255 856 1321 uirtutes
883 1255 959 1321 eius.
996 1254 1127 1320 laudate
1151 1272 1222 1319 eum
1246 1254 1294 1319 sol
1316 1256 1349 1319 et

213 1358 301 1431 luna.
334 1357 464 1423 landate
501 1375 572 1424 eum
607 1376 715 1424 omues
749 1358 861 1424 stellae
892 1358 926 1424 ot
958 1358 1074 1425 lumen.
1113 1357 1244 1423 landate
1276 1344 1347 1423 eum

215 1461 297 1527 caeli
331 1461 502 1539 caelorum,
535 1460 702 1544 absquae,
725 1480 807 1545 quae
842 1480 935 1545 super
968 1460 1076 1527 caelos
1108 1462 1190 1540 sunt,
1215 1460 1348 1526 landent

177 1590 202 1631 ιο
215 1582 326 1630 nomen
355 1563 481 1629 domini.
517 1564 592 1647 quia
618 1564 686 1648 ipae
715 1563 794 1629 dixit
817 1564 956 1629 attacta
979 1564 1061 1641 sunt,
1091 1564 1159 1646 ipse
1180 1562 1348 1628 mandauit

216 1666 249 1732 et
270 1666 379 1732 creata
401 1666 482 1733 sunt
510 1668 630 1734 statuit
652 1686 691 1733 ea
711 1668 744 1733 in
761 1669 924 1734 aeternum
941 1669 973 1733 et
986 1668 1019 1733 in
1035 1668 1199 1734 saeculum
1215 1665 1346 1733 saeculi.

215 1769 314 1833 Item
335 1768 373 1833 in
394 1770 739 1837 machabaeorum:
768 1770 831 1836 Oro
853 1772 886 1837 te
910 1788 993 1855 ergo,
1020 1770 1142 1854 respIce
1165 1770 1290 1835 caelum
1314 1771 1347 1834 et

215 1871 333 1937 terram
364 1870 507 1937 otmaro
530 1872 563 1937 et
585 1873 690 1939 omnia
720 1892 801 1957 quae
831 1873 863 1938 in
894 1873 940 1939 eis
963 1873 1046 1953 sunt,
1075 1873 1107 1939 et
1129 1873 1242 1940 rudens
1266 1872 1346 1938 scito

216 1974 364 2058 quoniam
394 1994 432 2040 en
460 1974 558 2042 nihilo
586 1976 666 2041 haec
696 1976 807 2041 creata
837 1976 910 2041 sunt
932 1995 952 2041 a
974 1974 1100 2043 domino
1131 1975 1201 2055 deo,
1237 1975 1347 2059 quiet

176 2077 377 2145 rebommum
398 2096 499 2161 genus
521 2077 598 2143 iecit
619 2078 781 2143 similiter:
813 2078 845 2142 et
872 2078 941 2175 ipse
970 2076 1125 2143 iudicabIt
1148 2078 1256 2143 orbem
1278 2059 1345 2143 ter-

214 2198 330 2246 rarum.
375 2182 473 2246 Item
501 2182 539 2245 in
570 2180 913 2263 esaiapropheta:
947 2180 1061 2247 Manus
1095 2198 1168 2244 msa
1201 2178 1348 2245 fundauit

215 2374 294 2437 Tuus
316 2376 362 2435 est
383 2373 444 2435 (hes
466 2375 495 2433 et
515 2377 567 2434 tua
588 2376 633 2435 est
653 2390 717 2435 nox.
761 2374 803 2433 In
823 2374 1004 2437 LXXXVIII:
1039 2374 1093 2435 Vni
1122 2378 1190 2434 sunt
1218 2374 1289 2435 caeli
1319 2376 1347 2433 et
1378 2392 1400 2433 α

214 2462 333 2521 tuaest
360 2462 444 2531 terra,
475 2461 578 2521 orbem.
622 2461 663 2520 In
685 2456 838 2521 exuvffl:
871 2460 998 2521 Laudato
1028 2459 1227 2521 deminuendo
1250 2460 1345 2519 caelis.

214 2544 254 2607 In
286 2546 382 2606 libro
414 2546 691 2607 machabeorum
711 2546 742 2607 11
771 2562 844 2623 cap.
933 2566 940 2603 :
975 2544 1031 2605 Oro
1063 2549 1092 2606 te
1126 2561 1203 2620 ergo,
1238 2546 1347 2620 respice

176 2632 323 2693 socaelum
344 2634 373 2693 et
393 2634 470 2693 terra
491 2634 520 2692 et
541 2649 628 2691 mare.
667 2632 707 2691 In
729 2632 833 2692 esaia
854 2648 926 2708 cap.
1016 2650 1023 2689 :
1046 2632 1149 2692 Manus
1171 2635 1221 2691 tna
1244 2630 1345 2692 lunda·

214 2837 328 2896 usque
364 2820 456 2879 omnis
492 2820 584 2880 uirtm
621 2835 725 2881 eorum.
779 2820 820 2880 In
855 2820 987 2881 LXXIII:
1034 2820 1112 2879 Tuus
1150 2837 1180 2880 es
1219 2820 1280 2883 ties
1317 2824 1346 2881 ct
1376 2839 1400 2897 μ

214 2905 264 2965 tua
286 2908 330 2966 ast
351 2922 407 2965 nox
438 2922 552 2981 usque
586 2905 616 2966 et
634 2924 685 2967 uer
706 2908 739 2967 tu
760 2904 864 2967 iecisti.
908 2906 948 2965 Iu
968 2904 1154 2967 LXXXVIII:
1189 2904 1244 2967 I'ui
1278 2910 1347 2969 sunt

215 2991 285 3051 caeli
308 2992 337 3050 et
356 2992 408 3053 tua
423 2993 565 3062 astterra,
589 2993 788 3054 orbemtcrrae
811 3008 923 3067 nsque
945 2988 1130 3053 infundenti.
1167 2992 1207 3051 In
1230 2990 1344 3054 chun:

214 3077 341 3137 Laudato
370 3074 512 3138 dominum
542 3077 576 3141 de
605 3076 692 3138 coella
721 3094 837 3153 usque
866 3077 968 3137 statuit
990 3094 1024 3137 ea
1045 3076 1076 3137 in
1098 3080 1243 3138 aeternnm
1264 3082 1293 3138 et
1316 3078 1346 3138 in

175 3162 359 3223 :senaculum
382 3156 496 3223 saeculi.
533 3162 574 3223 In
595 3164 868 3225 machabeorum
891 3159 1034 3223 libroII
1056 3178 1130 3238 cap.
1147 3164 1226 3225 XXI:
1249 3164 1345 3235 Paeto,

214 3248 291 3321 nate,
326 3249 450 3325 aspicias
481 3249 512 3309 in
545 3249 654 3309 caelum
686 3252 715 3308 ct
745 3251 849 3311 terram
882 3250 910 3309 et
943 3249 979 3308 ad
1019 3248 1113 3309 omnia
1141 3266 1213 3325 quae
1245 3250 1275 3309 in
1304 3250 1346 3310 eis

215 3336 283 3394 aunt
315 3352 428 3409 nsque
462 3335 529 3409 qula
560 3352 594 3394 ex
626 3334 715 3395 nihilo
747 3335 816 3395 lecit
844 3334 895 3395 illa
925 3334 993 3395 dens
1017 3336 1045 3395 ct
1071 3336 1215 3395 hominnm
1245 3352 1345 3411 genus.

213 3420 254 3479 In
277 3420 381 3480 esaia
403 3437 475 3497 cap.
582 3439 589 3478 :
611 3420 715 3481 Manus
738 3436 847 3497 quoquo
869 3438 932 3481 mea
953 3418 1086 3481 fundauit
1106 3423 1210 3482 terram
1232 3438 1347 3497 usque

317 3602 330 3655 I
359 3600 403 3657 Pa.
429 3600 472 3666 73,
500 3601 540 3658 16.
565 3601 596 3656 17
700 3600 717 3655 3
743 3600 787 3657 Pa.
814 3601 856 3671 88,
881 3600 913 3655 12
1017 3601 1033 3654 5
1059 3601 1103 3656 Pa.
1132 3600 1277 3666 148,1-6

214 3682 489 3753 laurescham
589 3686 747 3753 nonam,
768 3686 801 3743 13

222 3848 477 3913 'numm
577 3856 824 3926 seronato
925 3856 1098 3926 hastatas,
1127 3858 1281 3913 statemM

214 3941 329 4007 beas,
359 3960 409 3999 om.
430 3940 517 3999 HLO
614 3942 843 3999 torbemterrac
861 3944 952 4000 MLO
1052 3944 1175 3999 Vcaclos
1193 3944 1244 4001 So:
1274 3947 1347 4000 caclo

214 4026 305 4086 HLO
393 4029 427 4082 10
444 4044 513 4085 nom
532 4029 610 4109 dom]
628 4028 763 4085 domiuum
781 4030 844 4084 ML
938 4030 968 4084 11
988 4030 1017 4083 iu
1035 4032 1171 4085 aeternum
1188 4044 1239 4086 osa.
1258 4032 1281 4087 0

202 4116 320 4186 'saeculil
339 4116 406 4171 add.
423 4118 592 4186 praeceptum
609 4117 698 4187 posuit
716 4120 744 4171 ct
760 4132 815 4171 non
831 4115 990 4187 praeteribit
1011 4117 1048 4172 Oo
1148 4116 1181 4171 12
1197 4118 1225 4173 iu
1243 4118 1347 4172 macha·

213 4201 321 4257 beorum
344 4202 378 4258 St
406 4202 435 4255 in
456 4202 525 4257 libro
547 4202 731 4258 macabeorum
753 4202 783 4274 V,
813 4202 841 4257 in
864 4202 931 4258 libro
954 4202 1157 4259 machabeorum
1173 4202 1200 4258 11
1218 4194 1292 4262 (mlle
1315 4206 1347 4271 0)

213 4287 301 4343 MLC
401 4302 446 4341 oro
464 4289 502 4358 te]
521 4290 637 4345 orateS
738 4289 770 4342 15
792 4288 922 4343 iudicauit
944 4290 1008 4343 MV
1109 4289 1141 4343 16
1160 4288 1232 4359 esaia
1251 4290 1283 4355 S,
1313 4290 1347 4344 is-

213 4372 254 4437 L.
284 4391 325 4444 ys-
346 4373 397 4431 VO
497 4374 626 4444 propheta
646 4389 697 4431 ooo.
716 4375 833 4432 MVLC
848 4381 882 4432 at
900 4375 988 4431 sobal
