3159 4967
225 450 288 497 VIII

225 620 332 703 itaque
365 618 490 702 praeter
524 618 629 701 cupita
655 616 699 685 VI
723 620 755 683 ct
777 620 840 683 VII
872 620 1013 685 numeris
1046 622 1157 687 carent
1189 621 1357 704 sequentia

225 723 298 789 inde
323 742 341 789 a
362 742 442 791 nono
477 722 561 806 quod
594 722 643 789 est
672 722 712 787 de
735 723 877 789 Gantco.
915 723 1058 806 sequitur
1087 742 1236 790 numerus
1258 725 1355 791 XIIII

225 826 321 909 capiti
349 826 388 891 de
410 827 490 894 libro
513 826 675 893 Ambacuc
704 825 875 909 appositus,
907 826 962 891 nbi
993 827 1156 909 exspectes
1178 828 1247 893 XV.
1271 826 1356 911 quod

225 928 375 993 mondum
398 929 482 995 unde
504 930 613 995 natum
636 930 679 993 sit
699 928 794 993 facile
811 928 986 1010 dispicitur.
1017 948 1089 994 nam
1106 946 1177 993 cum
1193 930 1355 1015 inscriptio

225 1033 338 1115 capitis
372 1032 411 1097 de
444 1032 525 1097 libro
554 1031 656 1098 Oseao
692 1032 867 1097 atramento
902 1033 1021 1115 scripta
1054 1034 1105 1108 sit,
1139 1034 1237 1098 ceteri
1270 1033 1357 1097 tituli

226 1135 322 1200 minio
352 1134 448 1219 idque
477 1135 540 1199 iarn
570 1134 602 1199 in
626 1133 735 1199 codiee
758 1134 933 1199 uetustiore
961 1134 1082 1199 factum
1106 1154 1176 1201 esse
1197 1136 1354 1215 uideatur,

225 1240 401 1304 rubricator
434 1237 581 1321 neglecta
616 1236 674 1300 iila
710 1236 912 1319 inscriptione
949 1254 1113 1302 nnmerum
1152 1258 1247 1321 quem
1282 1239 1356 1303 huic

227 1342 323 1424 capiti
355 1340 472 1405 addere
502 1338 640 1403 debebat
670 1336 814 1403 omisisse
844 1338 1003 1420 putandus
1027 1341 1084 1405 est.
1122 1342 1228 1424 pergit
1250 1342 1357 1405 autem

227 1460 373 1507 numeros
405 1442 553 1525 deinceps
583 1440 670 1505 recto
702 1440 810 1506 ordine
833 1460 948 1523 ponere
970 1462 1071 1525 usque
1096 1442 1136 1507 ad
1158 1443 1267 1509 XXIII
1292 1444 1358 1526 (uei

227 1546 331 1629 potius
353 1546 492 1629 XXIHI)
524 1544 564 1609 de
593 1544 674 1609 libro
699 1544 827 1611 Tobiae.
866 1548 1028 1628 sequentis
1058 1547 1171 1629 capitis
1201 1546 1286 1630 quod
1310 1548 1358 1613 est

229 1650 267 1715 de
297 1648 467 1731 ‘euuangelio
502 1666 564 1713 sec.
589 1649 702 1713 Metth.
738 1668 887 1714 numerus
922 1649 1022 1726 deest,
1056 1650 1114 1715 sed
1134 1668 1205 1734 pag.
1232 1650 1293 1716 166
1321 1668 1357 1715 eo

227 1754 298 1818 loco
321 1771 382 1835 quo
406 1752 505 1816 oratio
522 1751 680 1816 domInIca
701 1752 812 1834 incipit
828 1754 914 1836 (158,
930 1752 986 1835 23)
1010 1752 1154 1818 additum
1169 1754 1201 1819 in
1218 1753 1358 1834 margine

227 1855 344 1938 legitur
366 1852 466 1933 XXV,
495 1856 548 1939 qui
571 1874 720 1920 numerus
741 1854 827 1921 idem
852 1856 994 1938 sequitur
1016 1856 1047 1919 in
1071 1856 1220 1938 prInprio
1244 1854 1359 1937 capitis

229 1960 268 2024 de
301 1977 411 2043 errang.
444 1976 506 2024 sec.
530 1958 683 2025 Marcum.
722 1959 881 2046 postremo
908 1958 1027 2041 legitur
1047 1958 1170 2024 XXVII
1198 1957 1237 2022 de
1261 1977 1309 2022 eu.
1333 1976 1358 2022 s.

228 2063 410 2127 Iohannem.
459 2062 490 2126 in
529 2061 645 2127 ceteris
685 2063 893 2145 paragraphis
929 2061 1052 2127 muneri
1089 2061 1204 2126 desunt
1240 2080 1357 2126 omnes.

229 2184 324 2247 quam
355 2166 508 2231 rationem
538 2184 609 2229 cunr
632 2184 692 2229 non
716 2166 755 2230 ab
778 2165 872 2231 huius
895 2164 1014 2229 codicis
1039 2164 1176 2230 librariis
1197 2162 1360 2229 inuentam

230 2286 299 2333 osse
323 2269 482 2351 appareat,
507 2267 563 2333 sed
587 2286 624 2331 ex
639 2266 748 2332 codice
766 2268 934 2352 archetypo
949 2267 1092 2350 proiecta
1107 2286 1177 2333 esse
1199 2266 1358 2345 uideatur,

228 2372 275 2436 ita
293 2373 426 2439 secutus
449 2391 528 2449 suni,
541 2372 588 2435 ut
602 2372 742 2453 capitum
761 2388 907 2435 nurmeros
922 2370 1123 2436 restituerem
1138 2390 1247 2437 omnes
1261 2390 1360 2436 unum

231 2475 263 2539 ct
287 2475 522 2557 quinquaginta.

272 2596 344 2676 Ipse
360 2594 487 2659 contuli.
516 2593 604 2658 locos
620 2592 773 2675 quosdam
789 2593 960 2658 Idteneohn
982 2594 1098 2658 litteris
1114 2614 1133 2658 a
1157 2612 1207 2657 me
1228 2593 1360 2675 rogatus

231 2716 294 2780 qua
317 2698 365 2761 est
387 2696 580 2778 benignItats
604 2714 641 2761 ac
664 2694 857 2761 liberalitate
881 2696 983 2760 denuo
1009 2695 1153 2778 inspexit.

180 2894 213 2961 P
273 2888 394 2953 Eodem
416 2888 481 2952 fere
505 2887 632 2951 saeculo
655 2887 707 2951 uei
732 2886 829 2951 etiam
851 2884 945 2967 panio
968 2884 1040 2966 post
1050 2886 1075 2966 ¹)
1099 2882 1222 2948 codex
1246 2883 1359 2948 Pala-

230 2994 339 3057 tinus
363 2990 434 3069 198,
458 3008 538 3054 nunc
556 2989 739 3067 Vaticanus,
761 2989 1023 3053 membranaceus
1045 2987 1076 3050 tn
1099 2988 1133 3051 4ο
1156 2986 1301 3052 foliorum
1318 2986 1360 3051 93

233 3095 368 3179 scriptus
395 3094 451 3159 est.
491 3093 712 3177 quaterniones
737 3093 786 3170 12,
818 3092 931 3174 quihus
953 3090 1035 3156 liber
1057 3090 1192 3170 constat,
1222 3089 1361 3155 numeris

233 3218 252 3263 a
273 3216 367 3263 manu
390 3195 491 3279 prima
512 3195 653 3279 insigniti
670 3196 751 3260 sunt.
782 3195 917 3277 paginae
933 3192 1075 3277 singulae
1098 3194 1199 3259 lineas
1216 3194 1362 3259 trecenae

232 3302 322 3368 binas
344 3302 469 3367 habeut.
508 3300 609 3365 totunr
625 3300 738 3365 librum
764 3300 920 3380 scriptura
942 3316 1003 3362 nou
1025 3296 1086 3363 sibi
1101 3297 1259 3361 constanti
1280 3314 1362 3360 rurus

232 3404 378 3470 librarius
417 3404 567 3468 erarauIt.
616 3402 667 3467 iol.
703 3405 733 3466 1‘
765 3420 860 3465 manu
896 3400 999 3483 prima
1033 3400 1149 3464 litteris
1185 3398 1364 3464 uncialibus

233 3508 350 3591 scripta
371 3508 535 3591 leguntur:

398 3645 433 3715 ul
448 3646 556 3713 Redde
569 3642 802 3721 (lusistislusistis
817 3644 911 3708 lector
933 3664 1004 3709 carc
1026 3648 1187 3719 measse,

471 3768 605 3833 odic-rius
628 3766 752 3831 domiui
774 3767 828 3831 ius
849 3766 928 3848 quio
950 3764 1023 3830 uoto
1040 3762 1148 3845 poti.¹

608 3887 703 3955 Iriber
724 3869 772 3951 scd
796 3886 971 3969 Aupustiui

661 4009 716 4089 put
739 4006 924 4090 appellatur

706 4127 889 4208 Speculum.

233 4290 255 4302 ,Ὺ
267 4290 279 4295 -.
316 4288 439 4297 ...fla-.-

340 4374 356 4439 ι)
375 4370 572 4435 Reifferscheid,
589 4369 757 4425 Bibliotheca
773 4366 884 4422 Potum
901 4365 1055 4419 Latinorum
1072 4362 1168 4416 Italica
1184 4359 1197 4414 1
1214 4360 1274 4415 Μ.
