3159 4967
258 408 321 479 560
471 406 530 475 ⁴De
548 405 676 463 diuinis
694 406 962 476 seripturiusiue
980 406 1165 475 Speculum.

260 596 293 661 et
320 612 469 661 mensura
498 595 583 661 iusta
605 596 665 663 erit
686 596 786 663 uobis
824 614 885 680 ogo
908 616 981 663 sum
1003 596 1149 663 dominos
1172 595 1251 663 deus
1272 597 1389 663 nestan

261 699 360 765 Item
387 698 424 763 in
455 698 772 765 deuteronomio:
802 698 872 765 Non
891 719 997 766 sumes
1018 718 1185 783 personam
1207 700 1239 765 in
1260 699 1389 777 iudicio,

261 801 430 869 aduersum
456 803 609 867 minorem
626 803 658 867 et
675 802 830 871 aduersus
843 805 996 870 maiorem
1008 803 1181 870 iudicabis:
1205 822 1265 869 non
1284 822 1391 869 sumes

260 924 427 989 personam
449 906 620 986 hominum,
645 906 794 989 quoniam
815 906 969 973 iudicium
993 907 1046 972 dei
1064 907 1122 972 ost.
1161 909 1261 972 Item
1283 906 1391 971 illie:

260 1008 388 1075 Iudices
411 1011 443 1074 ot
466 1008 611 1075 doctores
626 1009 709 1093 logis
735 1011 910 1075 oonffitues
924 1010 984 1076 uoi
998 1010 1030 1075 in
1047 1011 1191 1076 omnibus
1207 1009 1392 1075 ciuitatibus
1420 1032 1437 1072 a

259 1112 334 1191 mis,
364 1132 444 1195 quas
475 1113 619 1181 dominus
650 1112 729 1180 deus
750 1114 826 1179 tuas
849 1114 939 1181 dabit
958 1114 1017 1180 tibi
1038 1132 1094 1197 per
1117 1114 1258 1197 singulas
1278 1114 1392 1193 tribus,

262 1216 293 1281 et
323 1214 508 1283 iudicabunt
538 1217 622 1301 plebi
650 1217 771 1307 iudicio
792 1218 895 1284 iusto:
917 1237 978 1283 non
1003 1217 1206 1285 declinabunt
1226 1216 1391 1295 iuniorum,

260 1336 321 1383 non
345 1318 502 1401 accipient
521 1338 698 1403 personam,
722 1338 779 1411 neo
804 1320 961 1404 accipient
982 1339 1127 1385 manera:
1152 1340 1286 1385 munera
1309 1320 1393 1385 enim

261 1422 432 1487 ereaeoant
463 1423 571 1489 oeulos
599 1423 776 1507 sapientum
801 1424 834 1488 et
855 1425 1044 1491 subuahunt
1065 1442 1241 1489 sermonem
1263 1424 1393 1489 iustum

253 1526 415 1617 'iustitiam
446 1526 622 1610 sequimini,
652 1526 688 1592 nt
710 1528 837 1591 uiuatis.
876 1528 975 1593 Item
995 1526 1101 1593 illic:
1122 1526 1317 1593 Maledictus
1340 1527 1394 1610 qui
1409 1552 1435 1590 ιο

262 1628 470 1723 declinausrit
498 1629 651 1695 iudicium
684 1629 828 1695 aduenae
857 1630 892 1695 et
914 1630 1022 1695 ortano
1047 1632 1080 1695 et
1101 1630 1227 1696 uiduae.
1262 1630 1294 1694 et
1317 1630 1396 1695 dioit

254 1733 360 1799 omnis
375 1732 525 1815 populus:
541 1732 607 1811 fiat,
622 1732 687 1799 fiat.
712 1734 814 1799 Item
830 1733 869 1797 in
883 1732 989 1799 libro
1005 1734 1332 1817 paralipomenon
1345 1734 1394 1799 II:

251 1835 302 1929 :Et
316 1835 429 1907 statuit
442 1835 628 1917 iosaphat
642 1835 764 1902 iudices
776 1836 809 1901 in
825 1836 969 1902 omnibns
980 1836 1163 1903 ciuitatibus
1173 1836 1251 1901 iada
1265 1836 1396 1901 munitis

261 1938 293 2003 et
307 1956 363 2027 per
377 1938 517 2021 singulas
530 1938 678 2005 ciuitates
692 1938 774 2003 dixit
784 1938 960 2005 iudicibus:
975 1939 1084 2004 uidete
1097 1939 1173 2022 quid
1185 1958 1242 2005 uos
1253 1938 1395 2005 facietis:

260 2060 321 2107 non
346 2041 428 2107 enim
451 2040 568 2107 homini
591 2040 786 2119 iudicabitis,
809 2040 868 2107 sed
891 2040 1034 2135 domino:
1057 2043 1090 2106 et
1110 2041 1275 2108 uobiscum
1299 2042 1395 2107 estin
1410 2066 1437 2106 n

199 2289 228 2334 ;«
258 2269 298 2328 In
321 2268 644 2327 deuteronomium
669 2263 903 2349 (demandent)
928 2286 1002 2343 esp.
1023 2268 1200 2328 XXXVIIII:
1229 2268 1343 2327 Iudicas
1366 2270 1397 2326 ot

259 2355 414 2429 magistros
448 2354 602 2413 eonstitnos
635 2370 750 2427 usque
783 2354 857 2413 iuste
892 2354 966 2429 qnod
998 2353 1104 2413 iustum
1133 2356 1178 2412 est
1205 2354 1395 2429 persequeris.

258 2442 349 2500 Item
382 2457 458 2514 oap.
488 2439 564 2499 XCI:
597 2438 661 2499 Non
693 2442 840 2514 pemertas
868 2439 1005 2499 iudicium
1033 2439 1159 2499 adame
1188 2436 1312 2519 (adue).
1354 2439 1397 2497 In

258 2527 484 2602 paralipmin
504 2526 599 2585 libro
621 2520 684 2606 (ri)
707 2526 754 2585 11:
775 2525 815 2584 Et
829 2525 934 2584 statuit
946 2525 1045 2600 ioseph
1062 2526 1257 2599 asapindioas
1278 2541 1395 2597 usque

258 2610 348 2689 neque
377 2612 451 2671 enim
481 2613 525 2670 ost
546 2628 609 2671 eum
631 2611 743 2671 dommo
766 2611 818 2671 deo
839 2613 937 2671 nostro
959 2628 1105 2670 muneram
1125 2611 1261 2685 aeoaptio.
1304 2609 1396 2669 Item
1410 2632 1438 2671 ao

202 2860 228 2919 μ
259 2854 330 2912 oap.
356 2838 394 2895 X:
417 2835 529 2895 Indices
553 2834 582 2893 et
602 2836 757 2910 magistros
780 2834 936 2895 constitues
964 2852 1078 2908 usque
1099 2836 1175 2895 inste
1198 2834 1273 2911 quod
1287 2834 1394 2893 iustum

258 2924 303 2982 est
332 2922 518 2998 persequeris.
563 2920 653 2979 Item
682 2922 718 2979 in
742 2919 858 2979 deutr.
883 2934 956 2995 eap.
980 2922 1044 2982 XV:
1068 2920 1236 2980 Maledictus
1259 2920 1308 2995 qni
1329 2934 1393 2996 per-

257 3008 344 3067 uertit
365 3007 500 3067 iudioium
522 3007 655 3066 aduenae.
693 3006 783 3065 Item
805 3024 877 3082 cap.
901 3004 985 3067 m:
1010 3008 1076 3065 Non
1097 3009 1244 3081 peruartas
1258 3004 1394 3063 iudicium

259 3094 392 3153 aduenae.
422 3090 461 3151 In
483 3090 654 3169 paralipo
675 3090 774 3151 libro
788 3090 819 3150 11
833 3109 907 3166 eap.
961 3102 966 3110 ’
1006 3092 1072 3149 :Et
1086 3093 1188 3151 statuit
1203 3091 1393 3165 iosephasaph

257 3176 364 3237 indices
394 3193 508 3253 usque
537 3194 627 3253 neque
656 3178 730 3238 enim
760 3179 805 3236 est
834 3194 897 3237 cnm
920 3176 1031 3236 domino
1055 3176 1105 3236 deo
1129 3180 1225 3237 nostro
1247 3190 1395 3235 muneram
1409 3195 1438 3235 aa

360 3391 475 3452 auant.
494 3392 517 3455 1,
538 3394 570 3447 17
675 3392 789 3447 snae.
809 3390 851 3455 16,
870 3390 975 3447 11-21
1077 3390 1327 3454 1119111119

260 3478 415 3535 lsnPar.
436 3478 477 3548 19,
495 3480 563 3533 5-a

312 3684 326 3737 1
346 3685 398 3739 erit
414 3683 492 3739 nobis
510 3686 571 3754 (om.
589 3684 668 3738 uobis
690 3684 813 3751 &trata
831 3682 945 3738 unc
1049 3698 1100 3737 om.
1119 3698 1178 3737 sum
1196 3671 1328 3738 mutu

259 3770 316 3824 tin
328 3770 436 3825 deutero
448 3772 537 3826 nomio
551 3770 611 3825 Mc
706 3784 792 3824 sumes
806 3769 839 3823 S:
857 3770 970 3838 accipies
982 3765 1095 3824 11710
1193 3763 1398 3822 Saduersnsdl

263 3890 338 3947 vno
438 3856 568 3947 iliados
592 3890 673 3963 (sne
691 3906 713 3947 o.
732 3890 781 3945 zoa.
800 3908 835 3945 a.
853 3892 884 3960 a)
909 3892 937 3946 u
1035 3890 1188 3945 leoninis
1213 3890 1331 3945 urna

258 3994 321 4049 4et
339 3994 372 4048 10
394 3992 457 4063 illio]
475 3994 505 4049 in
522 3993 720 4049 deuteronomii
746 3992 816 4061 Mo,
843 3992 873 4047 in
890 3992 999 4049 dautem
1017 3994 1104 4049 nomio
1122 3994 1181 4051 LV
1279 3992 1297 4045 9
1320 4006 1395 4047 exoa»

159 4096 161 4101 ·
259 4082 322 4133 eant
340 4081 377 4137 M
378 4080 456 4137 Vno
541 4080 690 4150 sapientum
707 4078 759 4135 So:
785 4078 935 4134 uiolentiam
952 4078 1070 4135 MVLG
1148 4077 1316 4133 subtrahent
1333 4078 1402 4135 117

259 4164 313 4219 LO
384 4166 416 4220 11
436 4164 580 4235 adueueS
646 4164 785 4233 emanas,
813 4162 899 4219 ononi
916 4164 1014 4233 MVL,
1038 4163 1193 4232 orphaniG
1267 4162 1301 4217 12
1318 4178 1396 4232 pata

258 4249 427 4320 lippameuou
452 4250 520 4307 libro
547 4251 587 4319 L,
617 4252 841 4321 paralypomenon
865 4248 933 4305 libro
959 4248 1023 4304 ΜΟ
1129 4246 1245 4302 seeundo
1270 4248 1330 4303 110

259 4334 291 4389 1³
308 4335 424 4390 iosalath
442 4336 474 4405 S,
501 4334 593 4405 ioseph
609 4335 691 4405 asaph
709 4336 780 4405 MV,
805 4334 853 4401 io,
858 4335 941 4404 aphet
958 4334 1009 4389 Lo
1111 4330 1183 4403 inda]
1205 4330 1336 4387 indicas
