3159 4967
672 448 857 517 Speculum.
1266 449 1326 514 123

196 635 353 720 sapientia
378 635 442 700 lars
465 653 649 718 responsum
671 653 790 699 uerum.
837 635 864 700 si
893 635 1026 700 esttibi
1054 635 1244 710 intellectus,
1272 653 1325 702 re·

197 738 316 823 sponde
338 737 493 820 proximo:
528 737 576 801 siu
605 739 720 814 autem,
752 737 794 802 sit
822 755 934 802 manns
961 737 1018 801 tna
1046 755 1139 819 snper
1169 757 1203 804 os
1224 740 1324 816 tuum,

195 861 235 906 ne
258 841 392 924 capiaris
406 841 504 905 uerbo
518 838 752 922 indisciplinato
768 840 801 903 et
816 839 1025 905 conlaudaris.
1060 841 1157 906 honor
1178 843 1210 905 et
1225 842 1327 923 gloria

194 943 227 1009 in
260 961 405 1009 sermone
438 943 573 1007 sensati:
605 941 715 1024 lingua
741 960 818 1007 uero
851 943 1047 1024 inprudentis
1080 945 1244 1010 subuersio
1278 945 1327 1010 est

169 1043 303 1129 sipsius.
346 1065 407 1111 non
423 1045 590 1128 appelleris
611 1045 751 1110 susurrio
774 1045 807 1109 et
827 1045 1014 1127 linguatus
1035 1047 1169 1129 capiaris
1193 1048 1225 1111 et
1247 1065 1325 1112 cou-

195 1147 346 1213 lundaris.
391 1166 485 1230 super
512 1148 614 1212 furem
642 1148 725 1212 euim
755 1147 805 1213 est
826 1147 966 1213 conlusio
997 1150 1029 1212 et
1053 1149 1258 1231 paenitentia,
1294 1152 1327 1216 et

196 1251 357 1316 denotatio
379 1251 518 1334 pessima
540 1268 633 1333 super
653 1251 846 1333 bilinguem:
877 1252 1066 1316 susurratori
1090 1252 1196 1317 autem
1219 1253 1325 1318 odium

197 1353 230 1418 et
261 1353 428 1418 inimicitia
462 1354 494 1418 et
526 1355 727 1418 contumelia
771 1354 910 1420 institiae
938 1355 1087 1437 pusillum
1117 1357 1149 1419 et
1176 1373 1326 1438 magnum

195 1457 350 1522 similiter.
393 1457 467 1522 Noli
488 1455 557 1520 fieri
580 1475 635 1538 pro
652 1457 753 1522 amico
775 1457 921 1522 inimicus
936 1458 1090 1539 proximo:
1112 1458 1325 1541 inproperium

154 1573 182 1615 1⁰
196 1561 228 1624 et
249 1559 473 1624 contumeliam
495 1559 599 1624 malus
621 1560 812 1625 hereditabit
840 1562 873 1624 et
901 1561 1001 1625 omnis
1029 1562 1177 1642 peccator
1198 1551 1324 1626 inuidos

195 1662 228 1750 et
248 1661 407 1746 bilinguis.
446 1681 507 1726 nou
528 1663 561 1727 te
585 1663 717 1728 extollas
739 1664 771 1727 in
790 1663 981 1746 cogitatione
998 1663 1120 1728 animae
1133 1664 1219 1741 tuae,
1234 1665 1325 1730 uelut

193 1767 314 1840 taurus,
338 1784 376 1829 ue
398 1765 479 1830 forte
502 1765 638 1829 elidatur
659 1765 761 1829 uirtus
782 1767 840 1829 tua
861 1784 917 1848 per
939 1765 1116 1830 stultitiam.
1162 1767 1208 1832 nt
1235 1770 1325 1850 post

193 1865 257 1932 vll
285 1886 442 1933 uorsust
474 1867 570 1931 Multi
598 1867 723 1949 pacifici
746 1868 809 1932 sint
830 1867 898 1946 tibi,
930 1869 961 1932 et
983 1869 1179 1934 consiliarius
1203 1871 1245 1934 sit
1266 1871 1324 1935 tibi

194 1989 276 2037 unns
298 1970 337 2035 de
359 1971 456 2035 mille.
502 1971 529 2034 si
556 1971 701 2053 possides
731 1971 876 2048 amicum,
905 1971 936 2036 in
963 1971 1169 2053 temptatione
1196 1973 1323 2055 posside

153 2086 181 2126 1⁵
195 2091 267 2138 eum
290 2075 322 2138 et
343 2093 404 2138 non
426 2073 519 2137 facile
541 2075 655 2139 credas
675 2074 724 2138 illi
744 2075 845 2138 temet
866 2075 978 2157 ipsum.
1025 2077 1074 2139 est
1097 2076 1180 2140 euim
1203 2076 1323 2140 amicus

192 2176 368 2242 secundnm
389 2177 514 2259 tempus
528 2195 620 2241 suum
637 2178 669 2240 et
690 2196 751 2241 nou
766 2178 961 2258 permanebit
975 2179 1006 2240 in
1030 2178 1080 2242 die
1095 2178 1321 2243 tribulationis:

194 2279 227 2344 et
249 2280 298 2343 est
326 2279 447 2343 amicus
480 2279 533 2361 qui
563 2278 723 2360 egreditur
752 2278 794 2356 ad
820 2277 1032 2343 inimicitiam:
1068 2281 1100 2343 et
1132 2281 1181 2345 est
1204 2282 1323 2346 anneus

192 2383 247 2465 qui
269 2381 377 2447 odium
400 2382 432 2445 et
452 2381 552 2445 rixam
576 2381 608 2445 et
630 2380 773 2446 conuicia
796 2381 977 2446 denudabit.
1009 2383 1057 2446 est
1080 2383 1185 2447 autem
1202 2385 1321 2450 amicus

192 2485 298 2549 socius
319 2502 448 2548 mensae
478 2484 510 2547 et
538 2503 599 2548 uon
620 2484 784 2565 permanet
812 2483 844 2547 iu
867 2483 919 2548 die
947 2487 1156 2550 necessitatis.
1203 2488 1322 2552 amicus

152 2597 181 2639 ¹⁰
193 2586 222 2652 si
242 2587 452 2670 permanserit
473 2586 564 2664 fixus,
589 2585 650 2650 erit
664 2586 723 2650 tibi
738 2586 828 2668 quusi
847 2587 1029 2667 coaequalis
1046 2589 1078 2652 et
1092 2589 1122 2652 in
1139 2589 1322 2654 domesticis

191 2691 256 2756 tuis
278 2689 468 2755 fiducialiter
491 2690 574 2773 aget.
620 2690 647 2753 si
668 2689 884 2754 humilianerit
906 2707 940 2754 se
958 2691 1068 2754 contra
1089 2691 1122 2755 te
1146 2691 1178 2756 et
1201 2711 1219 2755 a
1241 2691 1322 2757 faeie

189 2793 248 2858 tua
270 2793 444 2858 abscondet
472 2812 517 2869 se,
546 2791 738 2856 unianimem
766 2793 898 2857 habebis
930 2793 1101 2858 amicitiam
1128 2793 1250 2860 bonam.
1283 2797 1321 2861 ab

190 2897 326 2962 inimicis
347 2896 412 2961 tuis
434 2913 581 2978 separare
597 2897 630 2959 et
646 2897 684 2960 ab
701 2895 812 2960 amieis
826 2896 890 2961 tuis
907 2895 1051 2961 adtende.
1077 2897 1197 2962 amicus
1217 2895 1322 2963 tidelis

190 2999 345 3082 protectio
367 2999 472 3064 fortis:
507 2999 562 3082 qui
584 2999 689 3064 autem
710 2999 833 3063 inuenit
853 2999 954 3076 illum,
988 2999 1108 3064 inuenit
1127 3001 1320 3066 thesaurum.

150 3109 179 3152 ¹⁶
193 3102 295 3167 amico
317 3101 406 3166 fideli
427 3101 515 3166 nulla
538 3102 587 3166 est
608 3102 789 3184 conparatio
813 3103 845 3166 et
867 3120 927 3166 non
950 3102 999 3167 est
1021 3101 1116 3184 digna
1138 3103 1320 3185 ponderatio

295 3272 328 3325 13
345 3270 424 3326 neon
443 3273 469 3340 o,
487 3271 574 3326 e-aa

243 3423 329 3478 llrel
343 3423 388 3490 Μ,
412 3424 465 3479 fera
490 3429 514 3490 (t
534 3427 603 3492 ras.)
630 3425 658 3487 0,
686 3425 727 3478 fer
743 3425 779 3487 R,
808 3423 896 3478 adlerl
912 3425 951 3480 P²
1053 3425 1151 3496 5nou]
1170 3441 1202 3480 ue
1221 3427 1248 3482 R

190 3511 377 3580 appellaran¹
434 3515 531 3564 susurro
544 3510 649 3574 amaa
668 3511 765 3564 inuita
773 3511 925 3565 tuaodda
988 3511 1252 3582 lingualinlinguac

189 3598 256 3666 cap]
274 3613 308 3650 ue
325 3596 437 3666 capiaris
456 3613 491 3650 aa
577 3597 788 3666 dpoemreurna
805 3595 892 3660 MOS,
911 3611 1044 3665 porentia
1061 3598 1099 3651 Ρι
1186 3598 1319 3668 ldeuot.]

190 3681 298 3737 deuocno
316 3682 344 3738 R
447 3682 544 3752 odium]
572 3682 678 3736 andnam
695 3681 732 3736 P¹
835 3682 904 3736 8et
926 3682 1094 3752 contumelia]
1121 3683 1227 3736 couruh
1245 3699 1261 3738 a
1278 3703 1320 3739 me

189 3767 229 3822 Ρ·
290 3767 462 3837 pumllumP
521 3767 555 3823 10
566 3771 594 3822 et
603 3769 659 3839 pm]
672 3785 741 3822 emm
754 3785 787 3822 er
801 3755 877 3824 Pe
917 3768 948 3821 11
962 3766 1125 3838 bungart!
1184 3769 1323 3824 extollant

190 3855 230 3908 P‘
300 3853 333 3906 12
350 3869 431 3908 ruat*
450 3855 477 3908 P
545 3853 578 3907 18
595 3855 737 3908 cournham
754 3857 816 3919 (an
834 3852 1324 3924 P¹)nurr1b1MP¹S‚counlnarrul

189 3938 247 3993 mbr
264 3944 304 3993 int
321 3939 361 3994 Ρ*
378 3939 450 4010 (cod.
467 3941 547 4009 Aac.)-
612 3939 646 3993 14
663 3938 825 4009 pemmoni
892 3938 925 3993 lo
943 3939 994 4008 die]
1013 3955 1064 3994 oen.
1083 3941 1123 3994 Ρι
1190 3941 1223 3994 17
1234 3943 1319 3996 iuimi-

189 4025 460 4094 citiam]am1cmam
477 4025 616 4081 MPORS
698 4024 731 4078 18
748 4024 900 4079 denudarunt
918 4025 1017 4080 MP¹0
1100 4025 1133 4080 19
1150 4027 1318 4096 permanebrr

190 4111 247 4165 Sao
349 4109 384 4164 20
407 4111 560 4181 quoequalis
578 4111 618 4164 Μ
716 4109 748 4163 21
768 4127 831 4180 agur
850 4110 940 4174 Mra,
965 4127 1016 4180 age
1039 4111 1066 4167 R
1086 4111 1156 4180 (cod.
1175 4111 1249 4181 Am.)

189 4197 227 4266 ct]
240 4195 391 4252 omllIOR
456 4195 647 4251 tlablcondnt
657 4197 685 4260 S,
699 4195 865 4251 absconderit
876 4213 913 4253 co
979 4213 1128 4252 unammem
1140 4199 1252 4255 Paeon

188 4281 223 4335 28
240 4283 525 4352 enticis]1nnrnnctrP¹
592 4283 776 4339 maternum
790 4285 849 4340 ΜΟ
916 4283 1250 4341 anacreontem

188 4367 354 4437 ponderatio]
373 4374 512 4438 etpotamo
532 4369 555 4424 S
