3159 4967
389 444 436 500 De
454 443 581 498 dielnia
599 445 778 514 :ompturio
797 446 870 499 uiue
888 442 1071 515 Speoulum.
1232 442 1296 508 665

656 666 801 753 CXXII.

336 845 420 900 Qvon
442 846 506 889 reor
528 846 576 888 am
598 844 751 899 haovaura
774 846 871 889 onum
894 846 1030 889 aanorva
1052 847 1122 889 nuo.

206 961 248 1024 In
280 958 420 1023 exodo:
451 957 529 1040 Quis
561 959 672 1025 similla
701 960 760 1026 tihi
782 961 814 1025 iu
838 959 908 1038 diis,
933 960 1082 1025 domine?
1125 944 1292 1025 Item'in

164 1062 311 1146 psalmo
341 1060 553 1129 LXXXVIII:
590 1062 744 1145 Quoniam
779 1065 849 1147 quio
878 1064 909 1128 in
940 1063 1075 1129 nubibus
1107 1063 1295 1147 aequabitur

139 1166 313 1234 adominol
344 1168 399 1231 aut
421 1166 491 1250 qula
514 1164 626 1232 similis
650 1168 710 1232 erit
733 1168 792 1233 deo
814 1168 897 1233 inter
919 1166 1001 1233 filios
1025 1166 1097 1232 dei?
1127 1166 1216 1245 deuo,
1240 1167 1294 1249 qui

164 1270 360 1355 glorificatur
380 1270 412 1335 in
436 1270 567 1335 oonsilio
588 1272 776 1349 sanatorum,
800 1289 935 1354 maguus
950 1270 982 1335 et
997 1270 1185 1335 metuendus
1200 1288 1296 1351 snper

165 1392 272 1440 omnes
296 1374 349 1455 qni
371 1374 403 1438 iu
425 1373 559 1438 eirouitu
583 1375 650 1440 eius
673 1376 754 1442 sunt.
786 1376 911 1440 domine
936 1374 1014 1438 dous
1036 1374 1200 1452 uirtutum,
1224 1372 1294 1455 quio

165 1476 276 1543 similia
298 1476 379 1542 tihi?
412 1477 524 1559 potens
548 1496 592 1556 es,
618 1477 752 1555 domine,
777 1478 810 1542 et
824 1478 943 1543 ueritas
961 1478 1017 1541 tuo
1031 1476 1063 1540 in
1079 1476 1214 1540 eirouitu
1228 1475 1294 1539 tuo.

647 1680 811 1767 oxxssr.

125 1864 152 1907 10
384 1859 468 1913 Qvon
494 1858 690 1903 Anononvni
713 1860 866 1903 CVSTODIA
888 1860 1073 1902 mmmm.

208 1973 254 2037 ln
289 1971 661 2039 deuteronomio:
697 1971 817 2039 Statuit
846 1972 926 2037 linea
954 1972 1097 2057 gentium
1119 1969 1295 2037 seeundum

165 2092 329 2142 numerum
364 2076 547 2158 angelorum
580 2075 641 2141 dei.
685 2076 784 2141 Item
818 2076 855 2139 in
888 2076 974 2141 tobi
1007 2073 1199 2157 raphahel
1229 2092 1294 2137 au-

165 2177 293 2261 gelus:
327 2178 368 2243 llt
401 2197 473 2243 oum
503 2198 611 2245 orares
643 2179 678 2244 tu
710 2178 741 2243 et
771 2196 860 2243 serra
889 2196 985 2242 nurus
1006 2178 1073 2256 tue,
1105 2195 1163 2260 ego
1194 2176 1294 2242 obtuli

210 2369 318 2431 oxvn.
357 2390 441 2443 Qvon
477 2391 541 2433 uon
574 2390 622 2432 sm
655 2390 809 2445 auovama
840 2390 937 2433 omum
971 2391 1109 2432 erramus
1142 2389 1213 2431 nno.
1251 2369 1294 2429 In
1326 2392 1348 2432 α

123 2476 152 2517 ie
167 2456 275 2515 exodo
299 2473 373 2532 eap.
397 2457 503 2515 XXXI:
527 2458 597 2529 Quis
621 2457 723 2516 similia
745 2457 799 2515 tihi
821 2456 851 2515 in
874 2457 939 2525 dha,
964 2456 1094 2516 dominae
1137 2456 1178 2515 In
1199 2456 1294 2530 psal·

166 2558 217 2601 mo
239 2542 422 2604 LXXXVIII:
445 2543 584 2616 Quoniam
607 2542 671 2616 quio
694 2544 725 2602 in
746 2543 871 2603 nubibus
893 2543 1061 2617 aequabitur
1082 2543 1217 2601 domino?

210 2626 332 2689 CXVIII.
356 2648 441 2701 qvon
463 2646 659 2690 anennoavm
682 2648 834 2691 ovoroma
856 2647 1041 2689 numumvu.
1067 2627 1107 2686 In
1130 2627 1296 2687 deutero·

166 2714 283 2773 nomIo
313 2730 387 2789 oep.
411 2714 526 2775 CXVII:
561 2714 669 2773 Statuit
700 2714 771 2774 fines
804 2714 933 2789 gentium
966 2713 1119 2773 seeundum
1150 2728 1297 2772 numerum

168 2799 332 2873 angelorum
357 2800 411 2859 dei.
455 2800 494 2860 In
516 2800 595 2859 tobi
618 2816 693 2876 cap.
783 2820 789 2858 :
821 2800 939 2873 Quando
962 2802 1063 2859 orabas
1087 2816 1150 2859 oum
1170 2798 1296 2857 lacrimis

122 3012 153 3051 ao
210 2984 304 3045 CXVI.
329 3006 412 3060 Qvon
434 3006 496 3049 uon
518 3006 565 3047 err
580 3006 734 3057 anovarue
750 3006 848 3049 onum
869 3006 1009 3049 amarrvs
1029 3006 1100 3049 nno.
1122 2986 1164 3045 In
1186 2985 1296 3045 exodo
1324 3010 1347 3069 μ

168 3090 239 3147 oap.
268 3072 351 3133 VIII:
383 3072 455 3143 Quis
484 3071 586 3131 similis
615 3072 669 3131 tibi
696 3072 726 3130 in
757 3072 888 3142 fortibus,
918 3070 1049 3131 domInel
1090 3070 1131 3131 In
1158 3070 1296 3146 psalmo

166 3158 348 3219 LXXXVIII:
377 3158 516 3230 Quoniam
538 3158 602 3232 quie
628 3158 658 3216 in
680 3157 805 3217 nubibus
827 3158 996 3233 aequabimr
1018 3157 1150 3217 domino?
1183 3174 1296 3232 nuqua

167 3243 274 3303 ueritas
295 3246 345 3303 tue
367 3244 397 3303 in
418 3244 538 3303 circuilu
560 3244 618 3302 tuo.

211 3328 318 3389 CXVII.
349 3349 434 3402 Qvon
463 3347 658 3390 anemurum
681 3346 834 3390 overonrh
856 3348 1041 3389 nvummvn.
1071 3329 1112 3387 In
1135 3328 1295 3387 deutero-

124 3438 153 3479 aa
167 3415 281 3475 nomio
304 3431 377 3490 oap.
401 3414 510 3475 XVIII:
533 3414 686 3474 Constituti
707 3414 842 3475 terminos
863 3414 1028 3489 populorum
1050 3415 1131 3474 iuxta
1150 3429 1297 3473 nnmemm

167 3500 287 3559 filiorum
308 3500 423 3561 israhel.
459 3501 499 3559 Iu
519 3500 598 3559 tobi
620 3516 695 3575 cap.
785 3499 896 3559 :Dixit
909 3500 1017 3559 rafahel
1033 3500 1169 3574 angelus:
1185 3499 1297 3573 quando

168 3587 269 3647 orabas
299 3602 362 3646 oum
390 3586 514 3647 laorImie
544 3602 657 3661 usque
687 3602 742 3659 ogo
772 3585 863 3645 obtuli
892 3586 1046 3645 orationem
1073 3587 1152 3646 tuam
1174 3585 1296 3645 domino.

269 3768 286 3822 3
312 3768 393 3823 leod.
422 3769 464 3832 15,
489 3770 520 3823 11
624 3769 641 3822 4
668 3767 711 3823 Po.
737 3767 782 3832 88,
806 3768 874 3823 ‘I—9
980 3768 1010 3821 ll
1039 3768 1118 3822 Dent.
1146 3766 1229 3835 328

167 3854 397 3918 loreolam

218 4024 360 4079 Iuenetoa
378 4023 411 4079 S:
441 4031 485 4094 apa
504 4024 620 4079 ΜΗΘ
708 4022 725 4076 3
742 4022 803 4093 tibi]
822 4022 862 4077 tui
882 4023 919 4079 Oe
1009 4021 1233 4080 ahmins

166 4110 183 4165 3
201 4110 357 4165 metuendus
376 4111 498 4167 SMLC:
526 4109 653 4165 terribilia
675 4111 714 4166 Vo
817 4111 835 4165 8
854 4109 907 4163 tibi
923 4109 1017 4164 oiurilia
1040 4110 1065 4164 V
1165 4110 1182 4163 9
1201 4108 1299 4167 CXXII

153 4194 191 4251 'S
291 4197 323 4251 11
347 4197 456 4251 deutoro
479 4197 596 4251 numium
618 4197 656 4250 Μ
758 4196 792 4250 12
814 4196 883 4252 Item
904 4195 974 4251 tobi:
1001 4195 1076 4249 Dixit
1093 4195 1220 4266 raphahel
1237 4195 1299 4266 (rai—

168 4284 208 4349 M,
231 4286 284 4339 -ael
306 4284 361 4352 VO)
377 4285 500 4354 angelus:
527 4300 585 4338 eum
603 4284 641 4338 M
644 4284 720 4339 Vno
813 4283 916 4339 rafahel
933 4283 958 4339 S
1050 4282 1083 4336 13
1101 4300 1191 4338 oraeea
1208 4283 1233 4339 8
1249 4304 1253 4309 ·

166 4385 227 4424 aare
245 4370 268 4425 0
369 4386 446 4425 norne
466 4368 489 4424 S
588 4384 666 4423 nunu
684 4372 732 4423 tua
749 4385 801 4425 om.
819 4370 936 4426 MVLO
1038 4368 1122 4438 optuli
1139 4369 1166 4424 L
