3159 4967
271 440 338 506 440
497 438 544 493 De
561 436 690 492 diuinis
708 437 886 508 seripturis
903 438 975 492 siue
994 437 1178 508 Bpeeulum

272 643 399 709 semper
429 626 565 692 mertem
597 625 714 692 demini
743 625 842 692 uestri
863 625 933 691 iesu
955 625 1065 692 ehrIsti
1086 626 1119 691 in
1142 643 1272 708 eerpers
1294 626 1402 690 nostre

275 727 541 807 circumferentes,
580 728 616 794 ut
653 728 685 794 et
721 729 789 792 uita
822 727 932 792 christi
965 726 1035 793 iesu
1067 727 1100 792 iu
1134 745 1264 810 eorpore
1297 729 1403 794 nostro

273 829 503 898 manifestetur.
540 830 587 898 eie
616 831 779 896 animnos
802 830 855 914 qui
877 830 1014 898 uiuimus
1036 830 1068 895 iu
1090 831 1225 896 mertem
1246 829 1403 897 tradimur

273 935 401 1018 prepter
429 935 541 1018 iesum,
571 934 607 999 ut
637 935 669 999 et
697 932 766 1000 uita
792 933 861 998 iesu
883 932 1104 999 manifestetur
1123 934 1156 998 Iu
1180 952 1274 1000 earne
1296 933 1405 1000 nostra

272 1037 410 1104 mortali.
454 1039 555 1102 Item
577 1036 794 1102 seeundum
815 1035 1078 1102 matthaeum:
1102 1034 1194 1101 Beati
1216 1035 1271 1120 qui
1291 1055 1403 1119 perse·
1431 1049 1445 1088 ⁵

274 1140 433 1206 outonem
464 1139 627 1222 patentur
657 1139 784 1222 propter
814 1139 979 1219 iustitiam,
1008 1139 1156 1223 quoniam
1184 1137 1325 1222 ipserum
1355 1139 1406 1204 est

272 1260 406 1326 regnum
440 1242 609 1308 saelorum.
647 1243 748 1307 Item
768 1241 874 1307 illio:
909 1241 1002 1308 Beati
1031 1243 1118 1320 estis,
1147 1260 1220 1306 eum
1249 1259 1308 1308 uos
1330 1240 1405 1308 edio

272 1345 441 1410 habuerint
462 1345 604 1411 hemines
628 1343 659 1408 et
682 1342 810 1428 abigent
834 1344 866 1408 et
878 1343 1108 1428 persequentur
1124 1344 1157 1408 et
1172 1341 1407 1426 exprobrabunt

274 1448 307 1512 et
336 1446 442 1514 dieent
470 1447 646 1513 aduersum
669 1464 727 1511 uos
754 1464 845 1511 omne
868 1445 996 1512 malum.
1033 1445 1173 1528 gaudete
1197 1445 1404 1522 eternitate,

272 1550 420 1633 queniam
442 1567 565 1614 meroes
587 1549 696 1616 uestra
716 1549 819 1615 multa
841 1550 890 1614 est
912 1548 944 1614 in
967 1549 1082 1614 caelis:
1115 1547 1160 1614 sie
1186 1549 1270 1614 euim
1290 1567 1406 1631 perse·
1421 1570 1446 1610 re

273 1653 339 1718 euti
372 1654 446 1718 sunt
474 1653 506 1717 et
533 1654 703 1736 prophetas
733 1652 805 1717 aute
834 1670 901 1718 uos.
947 1652 1046 1717 Item
1078 1651 1187 1716 illie:
1221 1651 1313 1716 Beati
1349 1651 1407 1734 qui

271 1754 394 1838 lugunt,
418 1755 564 1838 quoniam
586 1755 644 1837 ipsi
669 1753 922 1820 consolatuutur.
960 1755 1063 1818 Item
1086 1753 1193 1818 illie:
1218 1753 1339 1819 Oeuete
1364 1753 1406 1819 ab

273 1858 468 1924 hominibus:
490 1858 620 1923 tradent
642 1858 725 1923 euim
746 1876 804 1924 uos
827 1858 859 1922 iu
874 1857 1018 1936 coneilio,
1044 1859 1076 1924 et
1097 1855 1130 1921 in
1145 1855 1313 1942 synagogis
1336 1855 1406 1921 suis

272 1960 480 2043 flagellabunt
501 1979 575 2026 uos:
599 1962 672 2026 ante
694 1979 786 2044 reges
804 1962 835 2026 et
857 1961 1019 2044 praesides
1043 1959 1168 2026 stabitis
1189 1959 1317 2046 prepter
1339 1978 1404 2038 me,

274 2170 306 2227 ut
328 2171 358 2228 et
378 2168 455 2228 uitae
477 2169 539 2230 iesu
561 2169 757 2229 manifestetur
779 2169 810 2229 in
833 2185 946 2245 eorpere
968 2171 1073 2229 nostre.
1116 2167 1314 2228 Secundum
1335 2186 1404 2226 ma·
1421 2181 1449 2223 rs

273 2255 396 2314 thoum
429 2272 502 2331 eap.
525 2255 600 2315 1111:
632 2255 716 2314 Beati
749 2255 799 2330 qui
827 2255 1073 2332 persequutionem
1105 2255 1256 2330 paciuntur
1287 2271 1405 2328 usque

272 2341 436 2415 persequuti
466 2343 534 2400 suut
562 2344 591 2399 et
618 2341 771 2416 prophetas
802 2343 867 2398 ante
896 2356 957 2399 uos.
1001 2340 1091 2398 Item
1113 2357 1187 2415 eap.
1210 2339 1286 2398 IIII:
1318 2337 1405 2398 Beati

273 2425 322 2498 qui
344 2425 454 2499 lugent,
479 2427 610 2502 qnoniam
632 2425 689 2500 ipsi
713 2425 941 2485 consolabuntur.
985 2425 1076 2485 Item
1099 2441 1171 2500 eap.
1261 2445 1268 2482 ε
1297 2424 1405 2483 (tanate

273 2511 308 2569 ab
337 2511 516 2571 hominihus:
546 2511 659 2570 hadent
674 2523 714 2575 ÷
727 2527 780 2570 ues
810 2527 924 2586 usque
947 2512 996 2585 qui
1018 2513 1084 2586 pest
1106 2511 1228 2570 autmam
1249 2513 1278 2569 et
1300 2525 1406 2584 eorpus

216 2715 243 2774 μ
271 2712 328 2756 neu
344 2697 542 2770 angustiamur
562 2713 680 2770 usque
705 2695 902 2754 manifestetur
916 2694 947 2753 iu
961 2711 1045 2754 eamo
1060 2696 1166 2754 uestra.
1206 2695 1406 2755 Secundum
1417 2709 1447 2751 re

270 2783 451 2841 matheum
475 2798 546 2857 oap.
569 2781 642 2840 1111:
672 2779 756 2840 Beati
784 2780 833 2855 qui
854 2779 1101 2854 persequutionem
1122 2780 1270 2855 patiuntur
1289 2797 1404 2856 usque

273 2868 301 2926 et
322 2869 476 2944 prophetas
510 2867 560 2942 qui
592 2867 707 2924 fuerunt
735 2867 800 2925 ante
831 2879 891 2924 uos.
936 2864 1025 2924 Item
1048 2881 1120 2940 eap.
1143 2865 1213 2926 IIII:
1245 2866 1329 2926 Beati
1351 2869 1405 2941 qui

271 2953 380 3027 lugent,
404 2953 536 3028 queniam
557 2949 615 3028 ipsi
639 2951 868 3010 consolabuntur.
911 2951 999 3010 Item
1022 2967 1094 3025 eap.
1117 2951 1158 3010 X:
1180 2949 1285 3010 Oauete
1307 2953 1403 3011 auum

271 3037 307 3097 ah
340 3038 501 3097 hominibus
535 3053 648 3111 usque
681 3037 730 3112 qui
762 3037 858 3114 potest
890 3035 1012 3095 animem
1042 3039 1071 3096 et
1099 3051 1200 3114 corpus
1232 3037 1349 3113 perdere
1370 3039 1404 3096 in

372 3218 598 3288 enatuere
703 3218 773 3274 ro.
791 3218 823 3274 ιι
843 3221 871 3274 e
889 3219 922 3274 ra
1024 3219 1055 3274 11
1078 3219 1149 3276 rae
1254 3218 1404 3275 raneos

271 3301 529 3373 1e‚1a-aeeas

306 3471 337 3527 ‘1
362 3473 446 3529 nostri
463 3489 514 3529 om.
533 3470 649 3530 mm
747 3471 872 3528 Baitam
895 3473 919 3529 S
1016 3473 1075 3529 uita
1089 3473 1137 3528 ihu
1155 3475 1198 3545 xpi
1215 3475 1404 3531 mauidestotur

269 3558 299 3612 in
322 3573 400 3613 earne
424 3561 516 3613 uestra
536 3559 644 3615 mortali
670 3557 785 3614 nmo
885 3559 902 3613 3
927 3562 1012 3615 morte
1038 3559 1126 3616 MVO
1225 3563 1243 3614 4
1268 3563 1297 3615 in
1322 3577 1403 3616 earne

269 3645 362 3699 nestra
378 3643 493 3714 mortali]
511 3644 541 3697 in
557 3659 664 3716 eerpere
681 3647 771 3698 uestro
789 3643 903 3702 mue
1005 3645 1021 3698 5
1038 3645 1111 3716 Item]
1130 3645 1197 3701 edd.
1216 3647 1245 3700 iu
1263 3647 1402 3716 euangelio

269 3719 360 3785 MLO
457 3727 535 3784 metu
561 3729 585 3786 S
683 3729 700 3782 7
725 3730 791 3784 Item
817 3729 872 3784 illie
898 3745 947 3785 em.
976 3729 1093 3786 ΔΝΜ
1192 3731 1343 3802 Babigent
1367 3735 1402 3790 B:

269 3811 385 3870 abiciunt
403 3814 525 3870 omo
603 3815 745 3870 domnam
761 3815 859 3870 malum
878 3813 902 3871 S
991 3815 1023 3871 10
1041 3818 1163 3886 queniam
1182 3817 1240 3873 Set*
1258 3819 1320 3888 qma
1337 3819 1375 3874 Μ
1377 3819 1402 3874 V

269 3900 323 3977 LO
421 3899 515 3954 merois
543 3898 568 3955 B
667 3899 698 3954 11
725 3900 843 3970 profetas
871 3900 895 3956 B
991 3901 1080 3956 uerba
1099 3901 1303 3957 Item-Beati
1322 3905 1400 3973 quie

259 4031 301 4070 ,-
314 4005 375 4074 441,
389 4003 523 4074 Vmittere
535 4017 586 4060 om.
603 4003 631 4059 V
714 4003 783 4058 Item
795 3989 841 4058 add
852 4003 986 4058 matheum
999 4003 1262 4078 Oroete—mittere
1273 4005 1342 4061 Item
1352 4007 1400 4062 ubi

267 4104 346 4158 supra
367 4085 448 4144 Beati
471 4089 515 4158 qui
527 4118 560 4129 -
571 4087 778 4144 consolabuntur
798 4088 825 4144 L
945 4089 1007 4161 illie]
1027 4089 1168 4145 seeundum
1185 4091 1320 4146 matheum
1336 4093 1400 4148 Mu

259 4172 295 4230 ’θ
384 4173 417 4244 12
434 4173 529 4246 lugunt
547 4175 615 4230 SM:
642 4175 736 4246 lugent
752 4175 818 4232 Leo
909 4175 973 4248 ulie]
990 4177 1037 4231 uhi
1054 4193 1132 4247 supra
1150 4177 1214 4233 MC
1301 4178 1399 4233 keneu

268 4257 293 4314 B
387 4257 420 4312 13
439 4259 555 4315 eeueiliis
575 4260 612 4316 Oe
708 4261 737 4315 In
755 4261 805 4316 are.
823 4277 873 4317 om.
896 4261 919 4317 0
1014 4263 1147 4332 sinagogis
1166 4263 1192 4317 L
1292 4265 1326 4318 14
1342 4265 1399 4334 uos]

268 4343 335 4400 odd.
355 4347 383 4400 et
401 4343 510 4401 mace
994 4349 997 4356 '
