3159 4967
268 451 331 517 208
654 451 680 505 S.
698 451 812 506 Aureli
830 449 1009 519 Augustini

268 641 386 723 scripte
407 641 489 716 sunt,
514 639 555 704 nd
577 640 718 706 nostrum
739 639 917 706 doctrinam
938 639 1057 723 scripto
1079 640 1162 718 sunt,
1189 641 1227 706 ut
1239 659 1295 724 per
1309 641 1397 724 psti-

269 743 386 809 eutn'um
415 745 448 808 et
475 743 722 809 consolationem
751 743 978 827 scripturorum
1000 761 1088 825 spem
1111 744 1292 809 habeamus.
1317 743 1398 809 doun

268 848 375 912 nutem
407 847 579 930 pationtiae
613 849 646 912 ot
676 848 784 913 solutii
819 847 874 912 det
906 847 996 913 uobis
1028 845 1063 912 id
1089 847 1193 930 ipsum
1221 865 1331 930 supero
1363 847 1397 912 iu

269 951 456 1015 alterutrum
478 951 651 1016 secundum
674 953 781 1017 Iesum
805 951 975 1030 Christum,
1002 952 1039 1016 nt
1061 951 1236 1016 uuitnimes
1257 970 1319 1018 uuo
1342 970 1397 1016 ore
1506 967 1512 982 ·

267 1053 480 1120 honorificetis
519 1053 613 1120 doum
650 1056 683 1119 et
718 1055 841 1139 petrem
875 1053 993 1120 domini
1026 1053 1125 1121 nostri
1158 1055 1233 1120 Iesu
1266 1053 1437 1122 cofisus

265 1157 432 1240 propterea
462 1158 613 1240 suscipito
641 1157 789 1236 inuicem,
819 1158 902 1224 moui
930 1158 963 1223 ot
989 1157 1135 1224 Christus
1164 1158 1304 1240 suscepit
1335 1177 1396 1224 uos

265 1256 298 1326 iu
327 1261 476 1326 honorem
511 1260 572 1327 dei.
610 1261 657 1326 Et
690 1261 895 1345 eliquanto
928 1262 1032 1344 post:
1067 1261 1284 1328 Probeuorunt
1312 1261 1396 1326 onim

125 1366 130 1372 “
267 1363 478 1430 Mechodoniu
499 1367 532 1431 et
547 1365 669 1431 Achuie
688 1365 900 1432 conlationem
919 1365 1058 1447 aliquem
1072 1364 1179 1430 fecere
1192 1365 1225 1429 in
1240 1382 1395 1446 pauperes
1525 1455 1528 1463 y

266 1469 457 1548 sanctorum,
493 1469 549 1552 qui
582 1470 656 1534 sunt
686 1469 719 1534 in
752 1468 964 1534 Hierusalem.
1002 1467 1122 1552 pincuit
1155 1467 1238 1534 enim
1272 1467 1328 1544 eis,
1362 1469 1396 1532 ot

267 1571 425 1638 debitores
454 1572 529 1637 sunt
556 1590 680 1637 eorum:
714 1591 790 1637 num
819 1571 1057 1654 eispiritulium
1086 1589 1195 1638 eorum
1223 1571 1394 1654 participes
1410 1606 1434 1646 n

265 1675 343 1740 fecti
369 1676 445 1741 suut
470 1675 616 1758 gentiles,
646 1675 764 1742 debent
793 1676 825 1740 et
851 1675 883 1740 iu
916 1674 1096 1740 eumelibus
1129 1673 1308 1742 ministrum
1336 1675 1393 1740 eis.

265 1779 313 1844 Et
334 1779 423 1862 post
444 1778 713 1860 paucissimos
734 1797 895 1844 uorsusz
919 1777 1058 1846 Obsecro
1073 1777 1170 1860 igitur
1185 1797 1252 1858 uos,
1267 1777 1392 1856 irenes,

265 1901 321 1966 por
358 1881 519 1946 domiuum
556 1883 698 1947 nostrum
731 1883 838 1947 Iesum
868 1881 1037 1960 Christum,
1073 1881 1106 1948 et
1138 1901 1193 1965 per
1226 1881 1394 1948 ceritatem

266 1986 404 2070 spiritus,
426 1988 465 2050 ut
479 1983 638 2050 adiunctis
651 2003 703 2050 me
716 1985 750 2050 iu
772 1984 965 2050 orationibus
986 2003 1042 2069 pro
1064 2004 1117 2051 mo
1140 1985 1181 2050 ed
1204 1983 1307 2050 deum.
1345 1984 1394 2050 Et

265 2088 513 2172 paulopost:
535 2089 624 2170 Rogo
647 2088 754 2153 entem
776 2106 844 2166 nos,
866 2087 991 2164 fiumen,
1015 2088 1050 2154 ut
1072 2089 1248 2156 obsoruetis
1267 2105 1322 2154 eos
1338 2089 1392 2172 qui
1406 2120 1431 2160 n

265 2191 475 2257 discessiones
511 2190 544 2254 et
580 2189 768 2255 offendicula
804 2190 930 2273 praeter
971 2189 1163 2272 doctrinam,
1202 2209 1298 2274 quum
1334 2211 1393 2258 uos

266 2293 432 2372 didicistis,
447 2293 585 2359 fuciunt:
608 2293 641 2357 et
659 2291 816 2358 declinato
833 2292 872 2358 eb
888 2291 944 2359 eis.
971 2293 1151 2360 huiusmodi
1167 2295 1250 2362 enim
1266 2295 1392 2362 Christo

265 2397 391 2462 domiuo
418 2397 525 2464 nostro
552 2415 613 2461 uon
641 2397 793 2475 seruiunt,
823 2396 881 2462 sed
908 2415 965 2462 suo
993 2397 1106 2476 uentri,
1137 2398 1169 2462 et
1195 2417 1252 2482 per
1282 2397 1392 2464 dulces

264 2519 425 2566 sermones
447 2501 481 2566 et
494 2500 731 2566 benedictiones
746 2499 903 2566 seducunt
916 2499 1013 2565 corde
1027 2501 1250 2568 innocentium.
1284 2504 1393 2568 nestra

265 2606 348 2670 enim
382 2603 582 2671 oboedientia
612 2605 646 2670 in
673 2624 799 2670 omnem
832 2605 939 2670 locum
973 2604 1138 2687 diuulgato
1171 2606 1229 2672 ost
1267 2606 1392 2689 gendeo
1406 2635 1432 2676 so

261 2708 361 2792 igitur
373 2710 406 2774 iu
420 2709 528 2776 nobis:
544 2707 601 2773 sed
615 2708 689 2774 uolo
704 2727 762 2774 uos
777 2707 936 2790 sepientes
953 2726 1023 2774 esse
1038 2706 1070 2772 in
1085 2709 1166 2774 bono
1181 2709 1215 2774 et
1229 2709 1391 2792 simplices

262 2813 295 2877 in
318 2812 412 2877 mulo.

759 2947 896 3033 XXXI.
982 3017 986 3028 .

517 3129 558 3170 Dii
579 3129 731 3170 nrleuvun
752 3129 796 3170 An
819 3127 1003 3172 common
1025 3129 1136 3172 rmus.

308 3225 446 3290 Obsecro
469 3224 576 3288 cutem
597 3243 665 3303 nos,
688 3225 812 3302 fiumen,
835 3243 890 3306 per
905 3241 1018 3290 nomeu
1038 3225 1157 3291 domiui
1171 3225 1246 3292 Iesu
1262 3226 1391 3306 Christi,
1407 3261 1434 3302 ‚s

264 3329 300 3392 ut
327 3327 361 3392 id
387 3329 490 3410 ipsum
519 3327 632 3393 dicetis
661 3347 779 3406 omnes,
810 3329 843 3393 ct
869 3347 929 3394 non
958 3330 1023 3395 siut
1051 3329 1083 3394 in
1112 3329 1202 3396 uobis
1229 3331 1390 3398 soismutu

366 3501 382 3553 7
400 3499 474 3555 Rom.
494 3500 536 3568 15,
553 3500 587 3554 26
605 3503 633 3554 ot
649 3500 694 3554 27·
780 3499 813 3554 12
831 3499 866 3554 ib.
884 3499 918 3554 80
1018 3500 1050 3553 15
1068 3501 1142 3557 Rom.
1162 3502 1203 3570 16,
1221 3501 1323 3558 17-19

262 3584 327 3639 251
345 3584 404 3641 Gor.
423 3585 446 3650 1,
466 3584 568 3639 10-13

313 3742 490 3795 tunummei
509 3741 594 3797 RSav
697 3743 882 3812 6propteree]
900 3759 1012 3812 propter
1030 3743 1099 3813 quod
1122 3744 1178 3800 Sao
1281 3752 1393 3817 numnis

263 3828 292 3882 P
374 3826 504 3881 'thonore
522 3829 585 3884 ΜΟ
670 3829 758 3883 uerbo
777 3832 805 3882 et
823 3829 959 3899 uliqueuto
976 3831 1037 3900 post
1055 3846 1105 3886 om.
1123 3831 1241 3901 MPGR,
1260 3832 1291 3886 te
1303 3850 1392 3905 mure.

263 3912 330 3967 add.
344 3912 402 3982 ἄρ’
415 3913 518 3984 uth¹
586 3913 867 3970 8msccdomuRSac
941 3915 974 3969 12
985 3921 1076 3985 peuces
1084 3915 1149 3980 Mo,
1168 3932 1264 3985 peuces
1276 3919 1324 3974 Ru

264 3997 910 4070 14cpiritns1101add.1²²,senctispiritunc
989 4018 1035 4072 pro
1054 4017 1096 4055 nne
1113 4017 1163 4056 om.
1182 4001 1210 4057 R
1297 4004 1329 4057 16
1348 4003 1392 4058 de

262 4084 733 4154 roem0n0r0,n1ocnn0nernsao
803 4087 859 4156 uos]
872 4085 960 4142 omni
1033 4086 1326 4157 uoneuugarcMPo

263 4184 298 4238 24
315 4174 396 4241 nocti
405 4203 442 4241 nn
454 4174 513 4242 nis·
527 4203 564 4244 nn
576 4177 688 4244 oomni·
702 4189 731 4254 S,
757 4189 791 4244 (ie
803 4189 863 4260 epti
874 4196 909 4244 roi
921 4190 993 4260 puoh
1005 4189 1060 4259 opti
1073 4189 1107 4244 ed
1119 4181 1278 4263 conthiosf)
1295 4194 1323 4250 B

262 4271 426 4326 chomsreos
444 4273 488 4338 Μ,
518 4273 703 4330 chomrheus
723 4275 761 4340 P,
788 4275 985 4331 ohomnmoit'
1086 4277 1170 4345 prime
1188 4275 1222 4332 ed
1240 4277 1393 4336 Corinthios

263 4391 283 4427 a
367 4367 746 4446 25dominiladd.nhP¹c
828 4378 1014 4449 idloosMO
1099 4380 1325 4438 funuernum
