3159 4967
262 424 330 494 200
650 422 676 477 S.
694 419 812 514 Aureli
829 420 1014 490 Augustini

264 614 436 679 crimina
468 629 737 696 quaecumque
769 610 850 676 alia
879 610 973 674 sunt
1004 609 1166 692 praeter
1194 609 1292 672 haec
1315 607 1399 672 tria

266 737 365 801 qnae
389 735 408 781 a
429 734 551 799 regne
575 715 638 779 dei
660 715 868 796 separant,
894 713 960 778 aut
981 712 1158 777 inaniter
1183 712 1221 776 et
1236 711 1398 776 fallaci-

265 822 328 886 ter
360 819 509 884 dictum
538 818 610 884 sit:
641 817 752 900 Neque
775 817 872 894 tures,
899 833 1001 897 neque
1025 816 1123 892 anari,
1146 833 1248 897 neque
1271 813 1399 890 ebriosi,

266 942 369 1007 neque
391 921 549 998 maledici,
573 939 674 1003 neque
696 938 829 1002 rapaces
850 937 984 1002 regnum
1007 918 1058 982 dei
1080 918 1295 1000 possidebunt.

311 1025 389 1092 Sed
411 1025 569 1108 oportet
589 1043 658 1090 nes
680 1041 869 1105 repressa
893 1021 1175 1104 disputatione
1197 1017 1440 1086 nostraad⁵

269 1127 469 1211 epistulas
501 1125 750 1210 apostolicas
778 1125 854 1189 iam
884 1123 1022 1188 uenire
1054 1125 1091 1187 et
1113 1115 1253 1186 nidere
1277 1121 1400 1186 ctiam

267 1233 307 1296 in
328 1229 428 1314 ipsis
451 1229 546 1313 quid
567 1230 658 1294 hnic
682 1227 794 1310 operi
817 1225 1108 1292 conuenienter
1131 1225 1299 1307 aptetur.

773 1465 892 1552 XXX.

459 1683 501 1725 ΒΕ
523 1682 675 1724 EPISTVLA
697 1683 792 1724 mm
815 1681 965 1723 suessoni
988 1681 1031 1722 ΔΙ)
1052 1679 1209 1723 ROMANOS.

310 1813 379 1878 Non
410 1811 493 1879 enim
523 1813 674 1878 erubesce
703 1809 913 1893 euangelium.
951 1809 1053 1876 uirtus
1085 1810 1169 1874 enim
1199 1809 1251 1876 dei
1283 1810 1332 1874 est
1368 1809 1400 1872 in
1414 1831 1440 1870 ιο

270 1915 408 1982 salutem
438 1915 522 1980 omni
550 1913 703 1992 credenti,
733 1913 853 1979 Iudaeo
883 1913 1019 1996 primum
1049 1912 1082 1978 et
1105 1912 1239 1979 Graece.
1277 1911 1401 1976 iustitis
1507 1911 1510 1919 '

271 2019 355 2084 enim
384 2017 436 2084 dei
465 2017 498 2081 in
528 2035 565 2081 ee
593 2015 754 2082 reueletur
785 2033 823 2080 ex
852 2015 915 2081 fide
945 2017 977 2082 in
1007 2015 1113 2094 fidem,
1142 2014 1225 2080 sient
1247 2015 1400 2097 scriptum

271 2122 334 2188 est:
363 2121 467 2186 iustus
497 2119 603 2184 antem
626 2136 664 2184 ex
685 2117 749 2182 fide
770 2137 844 2184 mee
864 2117 962 2184 uiuet
985 2118 1146 2184 reueletur
1170 2118 1253 2184 enim
1274 2119 1322 2183 ira
1346 2117 1398 2182 dei

272 2223 312 2290 de
343 2223 432 2288 caele
462 2239 555 2304 super
585 2239 709 2288 emnem
738 2221 935 2306 impietatem
965 2223 998 2288 et
1026 2221 1216 2288 iniustitiam
1238 2222 1399 2288 hominum

271 2343 390 2403 eornm,
414 2324 468 2408 qni
482 2323 652 2390 ueritatem
665 2325 697 2390 in
712 2325 900 2390 iniustitiam
916 2323 1074 2390 detinent:
1102 2326 1177 2408 quia
1191 2325 1276 2407 qued
1290 2327 1399 2391 notum
1414 2343 1439 2386 ιε

274 2429 324 2495 est
345 2427 397 2494 dei
418 2426 623 2494 menifestum
638 2427 733 2496 estin
747 2428 828 2494 illis:
852 2427 931 2494 dens
950 2427 1032 2494 enim
1047 2428 1079 2494 in
1094 2427 1159 2494 illis
1173 2427 1399 2494 manifestauit.

271 2530 444 2598 inuisibilia
473 2530 557 2595 enim
585 2531 685 2614 ipsius
716 2550 735 2597 a
764 2533 910 2596 creatura
939 2530 1048 2596 mnndi
1073 2549 1129 2613 per
1152 2549 1191 2596 ee
1212 2549 1293 2614 quae
1315 2529 1401 2596 iacta

272 2634 347 2699 sunt
373 2631 539 2699 intellecta
566 2632 811 2715 conspiciuntur,
843 2633 1035 2715 sempiterna
1061 2651 1185 2716 queque
1210 2632 1276 2700 eius
1298 2633 1401 2698 uirtus

272 2737 305 2802 et
338 2735 499 2814 diuinitas,
532 2735 569 2800 ut
602 2735 665 2799 sint
696 2734 938 2814 inexcusabiles,
973 2734 1056 2818 quia¹
1080 2752 1154 2800 cum
1179 2735 1401 2818 cognouissent

274 2837 379 2918 deum,
408 2856 469 2903 nen
499 2837 583 2902 sicut
612 2835 706 2901 deum
736 2836 995 2920 glorificeuerunt
1022 2837 1077 2902 ant
1105 2837 1224 2921 gnatius
1259 2839 1400 2921 egerunt,
1415 2858 1441 2900 se

273 2941 331 3008 sed
364 2939 560 3007 eueunernnt
590 2938 623 3002 in
656 2938 902 3022 cogitationibus
935 2939 1010 3018 suis,
1049 2939 1083 3006 et
1115 2941 1318 3008 obscuratum
1352 2942 1402 3006 est

271 3042 424 3126 iusipiens
452 3060 508 3106 cor
537 3059 662 3108 eorum:
694 3041 837 3130 dicentes
868 3043 950 3107 enim
977 3061 1011 3107 se
1035 3061 1105 3108 esse
1128 3044 1287 3126 sepientes
1310 3043 1401 3109 stulti

272 3145 350 3210 fecti
374 3143 456 3223 sunt
484 3144 517 3208 et
536 3144 740 3210 mutauerant
761 3145 896 3228 gloriam
911 3145 1157 3229 incorruptibilis
1174 3145 1226 3212 dei
1239 3148 1271 3212 in
1287 3147 1403 3212 simili-

272 3246 417 3312 tudinem
430 3246 579 3330 imaginis
593 3247 806 3328 corruptibilis
820 3247 956 3314 heminis
972 3248 1004 3314 et
1025 3249 1191 3314 uolucrum
1206 3250 1238 3314 et
1261 3249 1402 3332 quadru-

272 3348 389 3433 pedum
421 3347 454 3414 et
482 3349 684 3432 serpentium.
722 3349 848 3432 prepter
879 3349 964 3434 quod
993 3350 1128 3422 tradiffit
1154 3351 1228 3418 illes
1258 3352 1337 3418 deus
1370 3353 1403 3418 in
1417 3373 1444 3415 ss

376 3537 393 3590 3
418 3535 508 3593 IGer.
534 3537 561 3603 6,
589 3536 623 3591 10
727 3536 760 3591 10
785 3537 861 3593 Rem
887 3539 911 3602 1,
931 3537 1033 3592 let-32
1057 3542 1085 3593 st
1107 3539 1182 3595 Rom
1205 3539 1231 3606 2,
1251 3539 1335 3595 1-10

276 3623 309 3678 13
327 3623 360 3678 cf,
377 3621 479 3678 Abbac.
497 3623 559 3689 24

325 3798 343 3851 4
365 3796 479 3852 malefici
501 3814 521 3851 a
624 3797 641 3850 5
663 3803 766 3866 rcprera
786 3797 833 3863 P¹,
864 3801 982 3867 oppressu
998 3797 1027 3854 R
1129 3799 1145 3852 9
1169 3797 1211 3867 de]
1235 3812 1345 3853 tuemur
1368 3813 1405 3852 ns

275 3883 300 3938 S
387 3882 468 3937 bean
484 3883 558 3952 pauiu
572 3883 604 3940 ’Β
689 3881 769 3938 Pauli
786 3883 909 3954 apostoli]
928 3881 1022 3940 οπως
1105 3884 1226 3954 apostoli]
1245 3883 1337 3940 ΜΟ

275 3969 309 4024 12
327 3969 408 4038 annu]
426 3985 477 4024 esni
496 3971 535 4025 Ρ1
613 3968 702 4039 tidem]
721 3969 775 4024 fide
793 3969 853 4024 Mo
932 3969 964 4024 13
981 3971 1049 4040 mea]
1068 3985 1119 4026 esa
1138 3969 1253 4027 P‘GSuu
1330 3987 1404 4026 usust

275 4081 393 4137 outae
470 4081 504 4134 15
521 4055 667 4137 munituna
686 4081 814 4152 (scirpula
830 4083 901 4150 rae.)
921 4081 948 4151 S,
971 4087 1115 4136 susumus
1132 4083 1195 4138 Rae
1283 4082 1316 4136 1e
1334 4099 1405 4137 eumn

273 4175 328 4229 slhs
345 4176 417 4241 Rev,
446 4191 516 4229 emm
530 4175 536 4247 Ι
549 4175 644 4231 sune
719 4175 911 4245 menifesteuit]
930 4175 1065 4230 reuelauut
1083 4177 1112 4232 R
1198 4176 1229 4229 17
1248 4176 1338 4246 ipsius]
1357 4176 1406 4232 uu'

275 4260 304 4315 R
407 4259 441 4314 19
463 4261 657 4317 mexcurrabslur
673 4265 720 4331 ter
735 4262 784 4329 ΡἾ
804 4261 878 4316 MP¹
981 4261 1016 4316 22
1033 4261 1117 4332 stulti]
1137 4261 1160 4316 t
1177 4263 1262 4317 [tuln
1279 4262 1339 4316 Mo

274 4345 317 4432 211Ι
326 4345 459 4416 imaginis]
478 4359 529 4400 cns.
547 4346 576 4401 R
679 4345 892 4416 qnsdsnpeduum
910 4346 946 4401 P¹
