3159 4967
380 441 427 493 Dc
445 438 574 493 diuinis
591 441 773 508 seripturis
792 441 861 495 siue
880 442 1065 511 Speculum.
1223 446 1286 511 569

160 628 295 693 aderens
318 647 389 693 eum
413 630 445 693 et
465 627 628 711 postulans
651 628 770 711 aliquid
795 629 833 693 ub
857 648 903 696 ec.
934 629 988 695 illo
1005 632 1111 696 eutem
1129 632 1186 695 eit:
1211 630 1286 714 quid

160 732 230 799 uis?
254 731 332 797 dicit
351 732 424 797 illu:
447 732 483 795 ut
505 731 636 797 sedeant
657 732 711 795 isti
727 731 788 796 duo
811 731 857 797 fili
877 734 940 799 mei
963 752 1042 801 unus
1066 733 1106 799 cd
1124 735 1285 800 dexteram

158 839 248 903 tuum
270 836 302 901 et
324 854 404 901 unus
428 834 469 900 ud
499 835 658 900 sinistram
686 835 719 899 in
748 853 846 918 regno
875 837 940 901 tuo.
980 838 1153 904 citantem
1181 840 1284 905 iesus:

158 940 287 1008 nescitis
317 939 392 1021 quid
422 938 604 1020 postuletis:
634 937 766 1020 potestis
797 938 904 1005 bibere
934 939 1077 1015 calicem,
1110 962 1203 1026 quem
1228 962 1285 1026 ego

134 1045 314 1111 ebibiturus
337 1047 428 1107 sum?
450 1042 497 1106 illi
521 1043 625 1107 autem
643 1042 801 1107 dixerunt:
824 1062 999 1125 pessumus.
1032 1045 1076 1109 ait
1097 1045 1160 1111 illis
1182 1046 1285 1111 iesus:

159 1148 291 1212 calicem
319 1165 425 1210 meum
456 1145 584 1228 quidem
612 1146 737 1225 bibetis,
772 1146 884 1212 sedere
916 1148 1021 1213 sutem
1053 1147 1093 1213 ed
1126 1149 1286 1214 dexterum

158 1251 212 1315 uel
235 1250 275 1314 cd
298 1250 457 1314 sinistram
478 1268 584 1314 meum
606 1268 666 1315 non
690 1249 739 1317 est
759 1268 866 1315 meum
886 1252 959 1316 dure
975 1251 1074 1329 uobis,
1099 1250 1156 1315 sed
1173 1251 1286 1333 quibus

158 1355 303 1437 paratum
328 1354 377 1417 est
400 1354 529 1435 epatre
552 1371 632 1417 meo.
668 1371 728 1436 quo
752 1353 860 1419 audito
884 1354 981 1419 ceteri
1005 1352 1115 1419 decem
1139 1352 1286 1435 discipuli

157 1457 312 1539 indignati
345 1456 418 1520 sunt
448 1456 487 1520 de
518 1454 640 1521 duobus
669 1456 828 1521 iratribus.
865 1456 951 1521 iesus
983 1456 1089 1521 curtem
1117 1456 1286 1521 aduocauit

121 1585 146 1625 ιο
161 1580 214 1628 eos
244 1562 276 1627 et
306 1560 399 1625 dixit:
433 1559 523 1628 scitis
552 1560 699 1641 quoniam
729 1559 885 1642 principes
914 1559 1057 1642 gentium
1087 1560 1286 1626 dominentur

159 1684 266 1730 corum
300 1663 332 1728 et
360 1682 508 1747 magnum
536 1664 726 1746 potestatem
757 1664 904 1732 exercent
930 1664 961 1729 in
985 1682 1047 1731 eos·
1085 1682 1145 1731 non
1169 1664 1213 1729 sic
1238 1666 1287 1729 ost

157 1769 328 1846 interum,
353 1767 410 1832 sed
432 1767 621 1849 quicumque
643 1767 779 1835 uoluerit
808 1768 889 1835 inter
911 1786 968 1833 nos
990 1767 1109 1849 primus
1133 1786 1203 1833 esse
1228 1768 1287 1833 erit

158 1871 264 1938 uester
287 1890 414 1937 seruus:
438 1871 521 1935 sicut
542 1871 576 1935 et
596 1870 680 1939 filius
703 1870 838 1940 bominis
860 1888 921 1937 non
944 1871 1040 1948 uenit,
1064 1870 1099 1937 ut
1121 1870 1168 1937 illi
1191 1870 1285 1935 mini-

159 1975 285 2049 stretur,
317 1973 373 2039 sed
396 1974 432 2039 ut
452 1974 610 2042 ministret
633 1974 666 2039 et
687 1973 742 2039 det
765 1976 902 2044 enimam
926 1993 1015 2041 suam
1036 1973 1286 2056 redemptionem

120 2095 214 2161 repro
246 2076 364 2140 multis.
402 2095 460 2141 uos
495 2077 601 2140 autem
635 2077 785 2159 quaeritis
818 2078 849 2141 in
881 2076 1014 2141 modicis
1039 2076 1156 2154 extolli,
1193 2077 1285 2141 etde

159 2179 304 2245 maximis
333 2180 440 2243 minui.
479 2198 551 2244 cum
582 2181 688 2245 eutem
721 2180 904 2245 introieritis
939 2180 978 2245 ed
1009 2198 1139 2245 caenam
1170 2181 1285 2258 uocati,

158 2282 255 2348 nolite
289 2284 473 2348 recumbere
505 2282 537 2347 in
571 2282 750 2348 honorificis
782 2282 872 2363 locis,
911 2302 949 2348 ne
983 2283 1063 2349 sorte
1099 2282 1222 2367 dignior
1254 2285 1287 2350 te

159 2386 360 2470 superuenint
394 2388 425 2449 et
461 2386 614 2451 accedens
650 2383 801 2453 incitator
837 2386 922 2451 dicet
953 2384 1027 2453 tibi:
1067 2384 1169 2455 adhuc
1207 2386 1289 2450 inl're

159 2490 287 2567 accede,
312 2492 344 2555 et
366 2488 576 2556 confunderis.
606 2488 635 2553 si
658 2489 765 2559 eutem
786 2488 970 2558 recubueris
992 2489 1023 2553 in
1046 2487 1184 2557 inferiori
1205 2487 1286 2564 loco,

118 2618 146 2657 eo
160 2592 308 2657 adueniet
329 2592 455 2658 inferior
476 2592 520 2669 te,
545 2592 577 2656 et
600 2591 684 2657 dicet
706 2591 764 2656 tibi
788 2590 841 2674 qui
863 2592 895 2655 te
920 2591 960 2655 sd
976 2610 1107 2657 ocenum
1122 2590 1286 2655 inuitauit:

160 2695 277 2761 accede
302 2695 404 2759 adhuc
427 2696 459 2760 in
483 2694 636 2782 superiori
656 2695 737 2773 loco,
762 2694 795 2758 et
817 2695 877 2759 erit
898 2696 956 2761 hoe
979 2694 1038 2758 tibi
1061 2692 1178 2761 utilius.
1215 2692 1288 2777 quia

161 2798 261 2863 omnis
285 2797 338 2880 qui
362 2816 395 2865 se
420 2797 538 2864 exultat
559 2797 785 2877 homuncium,
811 2797 842 2867 et
865 2797 917 2884 qui
940 2815 974 2863 se
997 2796 1142 2867 humiliat
1165 2795 1286 2862 exalto-

159 3044 288 3105 Accessit
311 3043 347 3101 ad
369 3042 510 3102 dominum
531 3044 621 3101 meter
642 3042 761 3101 filiorum
784 3042 897 3103 zebedei
920 3058 982 3100 cum
1004 3040 1070 3100 liliis
1093 3058 1205 3115 usqne
1229 3058 1285 3103 om·
1319 3060 1340 3100 α

159 3131 206 3188 nis
229 3129 277 3203 qui
299 3146 329 3188 se
352 3129 457 3187 exaltat
478 3128 683 3198 humiliabitur,
706 3129 805 3202 etqui
828 3146 857 3187 se
881 3127 1011 3186 humiliot
1033 3127 1210 3186 exultabitur.
1248 3127 1287 3185 In

119 3388 147 3430 re
160 3370 197 3428 ad
218 3386 280 3429 cum
309 3370 399 3427 muter
427 3368 547 3426 filiorum
577 3367 690 3426 zebedei
719 3383 783 3426 cum
811 3366 878 3425 filiis
908 3366 968 3426 suis
991 3384 1102 3442 usque
1126 3368 1216 3425 omnis
1239 3367 1286 3441 qui
1315 3386 1338 3443 μ

162 3474 192 3515 se
221 3453 326 3515 exultat
354 3454 558 3523 humiliabitur,
588 3453 688 3527 etqui
711 3452 894 3511 sehnmiliat
923 3452 1101 3511 exaltabitur.
1145 3453 1185 3511 In
1215 3469 1287 3511 eze·

212 3685 226 3738 1
251 3688 387 3756 postolnns
414 3688 441 3741 L
541 3686 558 3738 2
581 3686 631 3740 lilii
652 3685 739 3741 MLU
838 3685 856 3738 3
880 3688 907 3738 et
929 3685 995 3739 elius
1018 3684 1041 3740 G
1141 3688 1289 3738 senestrum

163 3771 186 3827 S
289 3774 386 3843 entem]
414 3773 484 3826 enim
513 3772 536 3826 0
641 3772 659 3824 4
686 3770 755 3844 qnod
780 3770 807 3824 L
915 3770 1013 3840 petetis
1041 3770 1078 3825 Co
1181 3770 1289 3825 culicem

161 3857 252 3913 bibere
275 3859 311 3912 Μ
411 3856 428 3909 5
450 3857 511 3929 illis]
534 3856 574 3911 ilii
598 3857 622 3911 S
720 3857 738 3910 6
760 3856 869 3911 culicem
888 3854 992 3925 quidem
1009 3872 1097 3910 meum
1119 3855 1220 3911 uinco

161 3943 295 3999 dexterum
316 3959 402 3997 mecm
425 3942 513 3998 Mne
613 3942 629 3996 7
652 3942 787 3996 rmistrnm
811 3944 870 4005 (om.
894 3945 990 4005 meeml
1014 3940 1113 4007 ΜΟ,
1144 3944 1290 3997 seneetrem

161 4030 185 4086 S
282 4030 300 4084 8
326 4030 407 4085 ceteri
434 4045 484 4084 om.
513 4029 618 4086 utnon
722 4026 843 4097 discipuli
863 4043 916 4082 em.
938 4026 976 4083 Oc
1080 4026 1113 4081 13
1130 4044 1220 4082 senune
1240 4028 1290 4083 So:

159 4116 279 4170 minister
296 4114 387 4170 MLG
404 4116 450 4181 (ec
461 4132 488 4169 c.
501 4115 551 4182 26)
630 4114 662 4167 15
679 4128 727 4167 uos
745 4116 855 4167 nutem.
877 4114 905 4181 .]
925 4112 960 4179 cf.
975 4116 1068 4180 idm
1147 4114 1179 4168 16
1197 4128 1290 4170 cenem

161 4201 208 4257 80
295 4200 328 4255 le
346 4201 513 4269 rupemenict
531 4201 558 4255 L
642 4198 729 4253 ndlnuc
746 4215 796 4254 om.
816 4196 902 4253 MLO
989 4198 1024 4255 dd
1040 4198 1195 4263 cicerum,
1225 4199 1290 4254 dicit

161 4290 196 4353 L,
223 4288 316 4343 oen-S
406 4304 499 4342 cenum
517 4288 539 4344 G
631 4287 663 4343 21
681 4286 774 4343 hucO
866 4284 918 4339 tibi
934 4286 984 4340 hoc
1003 4286 1026 4341 0
1119 4284 1154 4339 22
1171 4286 1289 4341 hmiliu

162 4375 230 4429 uerit
247 4375 270 4430 O
288 4380 315 4443 (c
333 4375 408 4431 Mtb.
424 4378 469 4442 23,
487 4377 535 4442 12)
