3159 4967
262 435 305 502 58
649 431 674 485 S.
693 430 810 484 Aureli
827 429 1010 498 Augustini

264 618 404 684 custodit
426 637 461 684 os
484 637 585 694 suum,
610 616 749 682 custodit
772 617 908 682 animum
933 635 1038 682 suam:
1068 618 1121 700 qui
1151 618 1258 682 autem
1279 616 1393 683 incon-

265 721 422 787 sideratus
445 722 494 786 est
517 719 557 784 ad
579 719 781 802 loquendum,
806 719 921 785 sentiet
942 719 1036 784 mala.
1081 721 1152 786 uult
1180 721 1212 786 et
1240 738 1298 784 non
1322 719 1394 784 uult

263 825 368 907 piger:
392 824 497 888 anima
518 823 626 887 autem
648 821 843 905 operantium
866 821 1107 906 inpingnabitur.
1147 823 1278 889 uerbum
1300 841 1392 886 meu-

265 926 326 992 dax
342 927 446 992 iustus
462 925 686 992 detestabitur:
701 925 817 1008 impius
834 926 940 991 autem
956 925 1119 991 confundit
1134 926 1167 992 et
1181 924 1392 994 contunditur.

265 1030 388 1094 iustitia
419 1029 559 1094 custodit
590 1028 766 1093 innocentis
794 1028 896 1094 uiam:
931 1029 1077 1112 impietas
1105 1047 1181 1094 uero
1208 1029 1441 1112 peccatoress

265 1133 454 1216 supplantat.
500 1135 549 1198 est
569 1134 661 1216 quasi
684 1131 784 1208 diues,
815 1150 887 1196 oum
911 1131 988 1197 nihil
1010 1132 1136 1210 habeat,
1171 1133 1204 1198 et
1231 1132 1281 1196 est
1302 1133 1393 1214 quasi

264 1255 392 1318 pauper,
423 1255 495 1300 cum
522 1235 554 1300 in
582 1235 691 1301 multis
721 1234 842 1300 diuitiis
872 1234 921 1300 sit.
973 1234 1149 1316 redemptio
1178 1233 1301 1300 animae
1333 1233 1393 1298 uiri

266 1340 396 1404 diuitiae
420 1358 511 1404 suae:
535 1339 589 1422 qui
611 1339 718 1404 autem
739 1356 858 1420 pauper
881 1338 939 1414 est,
969 1335 1213 1420 increpationem
1237 1355 1297 1402 non
1320 1355 1393 1402 sus-

264 1443 352 1507 tinet.
397 1443 451 1507 lux
472 1443 626 1508 iustorum
648 1440 818 1506 laetificat:
849 1439 980 1505 lucerna
1010 1441 1117 1507 eutem
1145 1440 1312 1522 impiorum
1336 1458 1394 1504 ex-

264 1541 435 1627 tinguetur.
466 1545 549 1610 inter
563 1545 714 1626 superbos
729 1561 854 1624 semper
869 1542 972 1626 iurgia
995 1543 1084 1608 sunt:
1103 1543 1156 1626 qui
1173 1544 1280 1608 eutem
1296 1545 1395 1625 agunt
1408 1569 1440 1610 ro

265 1650 381 1714 cuncta
395 1649 537 1727 consilio,
560 1649 712 1732 reguntur
727 1646 890 1729 sapientia.
930 1646 1107 1712 substantia
1121 1646 1271 1712 festinata
1286 1647 1394 1710 miuu-

266 1754 350 1817 etur:
383 1771 465 1834 quae
495 1752 601 1815 antem
629 1750 782 1833 paulatim
806 1749 965 1833 colligitur
986 1769 1091 1829 manu,
1123 1750 1393 1833 multiplicabitur.

266 1873 349 1937 spes,
366 1873 447 1936 quae
464 1854 614 1930 differtur,
638 1851 760 1935 adfligit
783 1853 936 1917 animam:
959 1853 1080 1936 lignum
1098 1853 1185 1918 uitae
1202 1852 1395 1918 desiderium

265 1957 404 2022 ueniens.
450 1957 503 2038 qui
527 1957 665 2023 detrahit
688 1955 782 2020 alicui
805 1955 860 2033 rei,
890 1957 957 2038 ipse
981 1975 1014 2022 se
1038 1957 1231 2022 infuturum
1255 1956 1394 2040 obligat:

266 2063 320 2142 qui
343 2062 449 2124 autern
471 2059 564 2124 timet
584 2060 798 2142 praeceptum,
822 2059 854 2123 in
869 2078 947 2141 pace
963 2060 1152 2126 cessabitur.
1191 2061 1241 2126 lex
1258 2060 1392 2144 sapienti
1410 2079 1438 2122 rs

266 2165 334 2228 ione
356 2163 452 2241 uitae,
475 2163 512 2226 ut
535 2162 672 2227 declinet
695 2181 714 2226 e
735 2164 827 2226 ruins
856 2163 975 2227 mortis.
1021 2162 1165 2228 doctriua
1192 2165 1275 2228 bona
1304 2165 1393 2230 dabit

265 2265 416 2348 gratiam:
439 2266 471 2328 in
486 2265 598 2330 itinere
614 2265 865 2348 contemptorum
880 2282 1007 2347 uorago.
1045 2265 1092 2330 Et
1113 2267 1203 2348 post
1220 2267 1282 2331 XII
1306 2285 1393 2332 uer-

270 2388 355 2434 sus:
392 2369 453 2450 Qui
474 2369 577 2451 parcit
598 2368 707 2452 uirgae
730 2388 817 2444 suae,
848 2368 914 2433 odit
936 2367 1037 2433 filium
1066 2388 1174 2434 suurn:
1210 2369 1263 2452 qui
1287 2369 1394 2432 autem

267 2470 371 2556 diligit
391 2472 492 2549 illum,
514 2471 667 2536 instanter
691 2473 803 2536 erudit.
848 2473 951 2536 iustus
973 2471 1113 2536 comedit
1142 2472 1174 2538 et
1195 2471 1298 2553 replet
1323 2472 1393 2536 ani-

250 2593 350 2640 mam
372 2595 478 2640 suam:
500 2574 610 2640 uenter
633 2576 739 2640 autem
761 2574 928 2656 impiorum
942 2573 1139 2639 insatiabilis.
1178 2573 1226 2638 Et
1248 2573 1339 2656 post
1362 2575 1393 2637 ll
1409 2593 1435 2634 to

266 2698 419 2744 uersus:
449 2679 624 2745 Ambulans
646 2679 733 2742 recto
756 2677 868 2742 itinere
893 2678 925 2741 et
945 2677 1060 2741 timens
1085 2676 1179 2742 deum
1203 2676 1395 2758 despicietur

267 2784 305 2848 ab
329 2802 366 2848 eo
389 2783 443 2865 qui
463 2782 572 2846 infami
594 2779 738 2864 graditur
760 2780 822 2844 uia.
867 2780 899 2842 iu
922 2798 974 2844 ore
992 2778 1081 2843 stulti
1097 2779 1189 2862 uirga
1211 2780 1393 2861 superbiae:

264 2885 351 2949 labia
366 2884 554 2967 sapientium
570 2882 752 2948 custodiunt
768 2899 831 2946 eos.
869 2881 917 2946 lit
938 2881 1026 2964 post
1048 2883 1079 2945 ΙΙ
1103 2900 1264 2946 uersus:
1289 2881 1394 2946 Testis

266 2987 371 3052 fidelis
408 3005 469 3052 non
504 2987 690 3051 mentietur:
734 2983 852 3066 profert
888 2985 1089 3049 mendacium
1125 2984 1218 3050 testis
1256 2983 1393 3049 dolosus.

266 3090 391 3172 quaerit
406 3089 526 3154 derism
549 3089 735 3170 sapientiam
759 3089 792 3152 et
806 3107 866 3152 non
881 3087 1018 3152 inuenit:
1036 3086 1179 3152 doctriua
1193 3087 1395 3169 prudentium
1410 3105 1438 3146 ss

268 3191 380 3256 facilis.
407 3190 490 3256 uade
506 3193 616 3256 contra
630 3192 733 3256 uirum
750 3192 883 3257 stultum
894 3192 927 3256 et
938 3192 1059 3255 nescito
1070 3190 1157 3254 labia
1167 3188 1394 3272 inprudentiae.

370 3394 403 3448 18
420 3394 496 3449 Prou.
516 3395 558 3459 13,
576 3396 610 3450 24
627 3399 656 3450 et
672 3395 707 3448 25
776 3395 808 3449 21
829 3395 905 3449 Prou.
925 3395 966 3455 14,
985 3393 1001 3446 2
1020 3397 1048 3448 et
1065 3394 1081 3447 8
1150 3393 1185 3448 23
1201 3393 1237 3448 ib.
1256 3393 1341 3447 5-18

317 3565 532 3620 deoniundetur
549 3567 642 3634 GRoo,
654 3581 725 3621 corr.
743 3582 777 3620 m.
796 3571 811 3619 1
831 3565 860 3619 P
921 3565 1082 3619 imnooenl
1097 3564 1166 3618 ΜΟι
1228 3579 1344 3633 peceato
1360 3563 1398 3617 Ρι

267 3651 560 3722 spectaculorum,
572 3660 715 3720 peccatore
727 3651 770 3717 θ’,
787 3655 946 3720 peccatores
955 3651 1009 3704 P'o
1064 3650 1080 3702 6
1092 3648 1258 3719 subplantat
1273 3649 1333 3704 ΜΟ

266 3737 510 3808 estpt.]et0¹ll
587 3736 1333 3805 amstmrtnf·‚mrtmot(oec1corr.m.1)1>

265 3825 398 3894 tantem]
417 3840 468 3880 om.
486 3839 505 3876 o
608 3814 750 3890 exungmt
769 3822 815 3877 Μ’
920 3821 951 3875 11
970 3820 1190 3886 oonlrhaM¹P¹‚
1214 3822 1402 3877 cumconsilio

265 3913 321 3968 P'o
424 3909 457 3964 13
475 3908 598 3963 defertur
615 3907 698 3963 ΜΨ
802 3906 1011 3962 deluderanumu
1034 3905 1132 3961 MP'O
1234 3906 1268 3959 14
1290 3908 1329 3978 se]
1348 3923 1401 3962 aaa.

265 3997 351 4052 ΜΨ
443 3995 475 4049 15
493 4000 624 4064 laprentrl
639 3994 675 4048 1³⁸
767 3995 799 4047 17
816 4009 914 4062 uorago
933 3999 960 4058 (o
974 4009 1021 4062 pr.
1039 3993 1071 4046 ia
1088 3993 1205 4060 rasura)
1226 3993 1255 4046 P
1339 3991 1399 4062 xli]

266 4083 402 4151 aliquota
499 4081 532 4135 18
548 4079 676 4149 parces
768 4079 973 4149 eutelamio
1068 4078 1100 4131 19
1118 4075 1263 4131 commedit
1282 4077 1331 4131 111Ὶ

266 4185 300 4239 ao
316 4184 575 4241 numeniaco
643 4182 675 4238 ar
695 4155 843 4252 seorsim
854 4185 879 4250 (o
892 4198 914 4235 s.
933 4181 981 4234 aa.
993 4197 1027 4234 m.
1045 4182 1073 4248 1)
1087 4180 1115 4248 s,
1133 4178 1276 4248 norom
1293 4181 1403 4242 ntro,

265 4273 412 4342 delpscrtur
430 4273 507 4328 0²Ro
575 4269 609 4324 23
625 4269 661 4339 Π]
679 4268 788 4323 looudus
806 4285 825 4322 u
893 4265 1120 4336 apparentium]
1139 4265 1294 4334 sapientium
1313 4283 1332 4320 a

266 4359 300 4413 26
316 4365 414 4412 saluto
433 4361 517 4426 (aas.
534 4358 577 4425 uc)
596 4358 624 4412 P
