3159 4967
541 1248 979 1364 PRAEFATIO

198 1484 243 1549 IN
255 1484 286 1551 S.
298 1484 533 1553 Avovsurou
544 1486 708 1554 LIBRVM
721 1488 795 1572 qvi
807 1489 1083 1557 APPELLATVR
1094 1490 1326 1561 SPEGVLVM.

686 1684 840 1693 ...η-μ...-

748 1820 776 1903 Ι.

239 1973 334 2069 Ante
367 2006 426 2071 hoc
459 2006 628 2071 triennium
661 2026 734 2072 cum
769 2006 808 2072 de
844 2006 875 2072 S.
903 2008 1070 2091 Augustini
1102 2008 1199 2088 libro,
1234 2027 1328 2092 quem

199 2112 369 2195 Speculum
400 2114 551 2196 appellari
580 2114 692 2193 uoluit,
724 2114 756 2179 et
779 2114 818 2179 de
842 2114 940 2179 altero
962 2115 1027 2194 illo,
1059 2116 1110 2179 cui
1132 2116 1247 2181 Iniuria
1267 2118 1327 2183 hoc

200 2235 311 2281 nomen
345 2216 528 2299 inscriptum
564 2216 628 2289 est,
665 2216 825 2300 disputare
857 2217 1056 2283 instituerem
1067 2217 1108 2300 ¹),
1142 2218 1262 2284 multae
1297 2219 1329 2284 et

199 2336 332 2401 magnae
366 2321 577 2402 quaestiones,
611 2340 692 2403 quae
721 2321 753 2385 in
782 2322 843 2386 hac
873 2340 907 2386 re
936 2322 999 2386 iam
1029 2321 1098 2387 tum
1129 2321 1250 2387 absolui
1276 2322 1329 2387 uel

199 2424 326 2505 proponi
342 2424 524 2505 nequibant,
547 2424 613 2490 fore
628 2426 804 2507 sperabam,
826 2425 863 2489 ut
878 2424 1015 2491 editione
1032 2424 1159 2490 demum
1173 2425 1206 2489 in
1221 2425 1328 2508 publi-

198 2544 271 2590 cum
305 2527 422 2591 emissa
453 2528 567 2593 molius
602 2526 830 2610 expedirentur.
876 2547 973 2610 quare
1006 2528 1132 2593 ueniam
1166 2528 1254 2611 peto,
1289 2548 1329 2593 ne

198 2629 386 2694 temerItaIIs
411 2649 429 2693 a
450 2630 656 2713 prudentibus
692 2649 816 2713 arguar,
850 2630 934 2713 quod
966 2630 1030 2695 iam
1063 2632 1143 2696 hanc
1177 2630 1328 2696 librorum

199 2731 324 2797 illorum
348 2732 514 2799 instituere
532 2735 663 2799 conatus
678 2735 736 2800 sim
753 2735 978 2814 recensionem,
1002 2754 1096 2817 quam
1112 2734 1171 2799 nisi
1188 2734 1332 2800 amultis

199 2836 363 2918 tantopere
388 2838 495 2919 optata
519 2856 555 2902 ac
577 2856 677 2919 paene
700 2838 844 2921 flagitata
867 2838 960 2916 esset,
985 2838 1056 2902 ante
1077 2857 1192 2903 nonum
1215 2856 1329 2902 annum

200 2938 231 3002 in
253 2938 359 3004 lucem
381 2958 440 3005 non
464 2941 508 3004 fui
532 2940 682 3007 editurus.

241 3062 288 3127 Ac
311 3062 374 3127 iam
399 3062 439 3128 ad
463 3062 590 3147 Speculi
613 3064 740 3130 codices
760 3063 950 3130 enarrandos
967 3063 999 3128 et
1012 3064 1111 3129 uerba
1132 3060 1329 3127 Instaurandi

55 3212 57 3219 .
199 3166 338 3231 rationes
363 3165 560 3249 exponendas
584 3167 744 3233 accedam.

244 3286 379 3352 Codices
401 3288 506 3371 igitur,
531 3290 644 3373 quibus
668 3290 699 3355 S.
715 3288 886 3372 Augustini
901 3288 1070 3371 Speculum
1093 3286 1246 3351 traditum
1270 3285 1330 3366 est,

201 3409 302 3472 neque
325 3390 417 3455 multi
441 3392 514 3457 suut
532 3412 632 3475 neque
650 3392 837 3475 antiquitate
851 3390 1000 3474 insignes.
1032 3409 1163 3472 quorum
1178 3388 1232 3472 qui
1246 3388 1329 3471 priu-

201 3493 303 3576 prem
331 3494 437 3559 locum
469 3496 589 3561 obtinet
619 3496 717 3562 codex
739 3494 1000 3561 Monacensis
1021 3492 1077 3558 lat.
1106 3493 1210 3559 14513
1241 3490 1387 3577 (olimM

200 3596 410 3663 bibliothecae
428 3598 458 3663 S.
482 3600 640 3664 Emerami
657 3598 896 3664 Ratisbonensis
911 3598 936 3661 F
954 3598 1007 3679 16)
1023 3596 1283 3661 membranaceus
1297 3593 1329 3657 in

201 3701 234 3764 4⁰
249 3700 334 3783 long.
349 3701 424 3780 022
440 3724 481 3780 m,
504 3702 559 3767 lat.
578 3702 654 3779 0,14
668 3724 699 3766 m
716 3701 843 3767 saeculo
859 3700 953 3763 VIIII
973 3700 1119 3765 exaratus
1133 3695 1331 3779 undeuiginti

203 3804 460 3885 quaternionibus
478 3808 537 3872 147
554 3806 636 3871 loliis
658 3806 792 3871 constat.
822 3804 938 3887 singuli
960 3801 1179 3885 quaterniones
1201 3818 1331 3864 numero

201 3908 232 3971 in
249 3908 337 3973 calce
353 3909 483 3975 ultimae
496 3910 647 3993 cuiusque
662 3910 797 3993 paginae
814 3907 954 3991 apposito
970 3903 1181 3982 numerantur,
1197 3902 1330 3986 paginae

201 4012 345 4095 singulae
382 4014 566 4098 plerumque
603 4014 724 4079 uicenis
760 4012 858 4078 ternis
893 4009 987 4075 lineis
1022 4008 1201 4092 implentur.
1250 4006 1330 4072 liber

202 4116 318 4181 omissa
349 4116 550 4200 inscriptione
572 4117 625 4183 Iol.
652 4120 683 4181 lv
706 4116 750 4181 sic
774 4114 885 4197 incipit
909 4114 988 4198 Quis
1009 4114 1138 4197 Ignorat
1159 4112 1329 4194 scriptoris

304 4342 322 4409 ¹)
342 4340 585 4411 SItzuugsberichte
613 4340 660 4395 der
685 4338 822 4410 phil-hist
850 4336 942 4395 Classe
969 4335 1016 4389 der
1039 4335 1104 4391 lais.
1122 4334 1267 4388 Alsademie
1285 4332 1331 4385 der

200 4424 425 4482 wissenschaften
442 4428 471 4482 in
487 4428 572 4483 Wien.
596 4426 672 4493 (5111,
692 4424 767 4491 1883,
785 4441 810 4494 p.
828 4424 869 4479 33.

253 4530 311 4597 XII,
333 4533 400 4603 Aug.
419 4534 445 4597 3,
467 4550 486 4587 1.
1213 4539 1230 4575 ²
