3159 4967
409 472 456 527 Do
475 471 601 526 diuinis
620 472 804 542 scripturis
821 473 892 527 siue
911 472 1094 543 Speculum.
1252 474 1320 538 645

186 662 219 727 iu
241 661 367 729 uincam
389 680 488 729 suam.
526 660 732 727 conuentione
755 660 861 725 aulem
883 659 969 727 lacta
991 678 1065 726 cum
1087 660 1247 743 operariis,
1277 660 1316 724 11

187 765 320 849 siugulis
354 766 492 831 denariis
528 763 648 829 diurnis
681 763 893 846 operarentur,
927 762 1015 828 misit
1039 763 1112 829 illos
1133 764 1166 828 in
1187 762 1314 827 uincam

187 886 286 934 suam.
326 867 359 933 ot
392 885 538 953 egressus
572 866 657 933 circa
689 868 799 932 horam
827 865 956 931 tertiam
986 865 1068 931 uidit
1090 867 1169 932 alios
1183 866 1314 933 :stanles

187 971 346 1054 operarios
375 970 407 1035 in
435 970 502 1037 foro
530 970 656 1049 otiosos,
692 970 724 1034 ei
746 969 792 1035 ail
820 969 900 1034 illis:
929 968 974 1034 ile
998 968 1031 1034 ei
1051 987 1109 1034 uos
1130 969 1163 1033 in
1184 969 1312 1035 rdueam

157 1094 300 1155 smeam,
329 1075 363 1152 ,et
392 1074 476 1158 quod
503 1074 623 1139 iustum
652 1072 748 1138 fuerit
776 1072 858 1140 dabo
879 1071 987 1138 nobis.
1027 1071 1059 1136 et
1086 1071 1135 1137 illi
1157 1070 1312 1137 abieruni

186 1179 219 1243 ot
249 1178 365 1245 iterum
398 1176 536 1261 prodidit
570 1177 656 1241 circa
688 1178 798 1242 horam
831 1177 952 1242 sertam
976 1176 1008 1240 et
1029 1194 1143 1240 uenam
1166 1175 1199 1239 el
1226 1174 1313 1240 idem

183 1279 270 1345 lecit.
309 1282 365 1347 sed
389 1282 421 1346 el
442 1281 528 1345 circa
548 1278 751 1345 undecimam
771 1280 882 1345 horam
904 1296 1052 1361 egressus
1075 1277 1124 1343 est
1139 1278 1171 1343 et
1192 1276 1314 1343 inuenit

186 1382 264 1449 alios
287 1384 417 1462 slantes,
442 1384 474 1449 el
497 1384 541 1448 ait
562 1383 643 1448 illis:
674 1383 751 1465 quid
772 1384 823 1449 hic
847 1383 939 1448 stalis
960 1382 1031 1448 iota
1053 1380 1104 1447 die
1126 1381 1243 1448 otiosi?
1281 1382 1314 1447 et

183 1485 231 1550 illi
255 1486 414 1552 dixerunt:
438 1486 513 1570 quia
534 1504 625 1551 nemo
648 1503 704 1550 uos
727 1483 885 1550 conduxit.
918 1486 950 1551 et
966 1485 1010 1549 ait
1030 1484 1110 1550 illis:
1132 1484 1177 1550 ite
1196 1485 1312 1563 eluos,

145 1610 171 1649 uo
184 1589 356 1672 operamini
387 1589 419 1653 in
454 1588 589 1655 uincam.
627 1606 762 1671 uespera
797 1587 903 1653 aulem
936 1585 1023 1652 facia
1056 1586 1134 1651 dixit
1166 1586 1312 1653 dominus

183 1692 296 1757 uineae
310 1692 506 1775 procuratori
521 1710 594 1757 suo:
609 1709 690 1756 noca
706 1690 864 1773 operarios
881 1690 913 1755 et
926 1688 1024 1755 redde
1039 1688 1104 1754 illis
1119 1687 1311 1767 mercedem,

182 1794 306 1859 iuiln'um
335 1794 453 1861 faciens
477 1813 497 1860 a
517 1793 688 1861 nouissimo
711 1813 812 1877 usque
837 1792 878 1858 ad
899 1791 1026 1876 primos.
1070 1792 1173 1857 Item
1201 1791 1311 1857 illic:

181 1898 223 1963 111
239 1898 284 1963 ait
303 1897 383 1963 illis:
408 1898 503 1963 aliam
517 1897 700 1981 parabolam
717 1896 834 1962 audite.
865 1898 957 1962 homo
974 1895 1103 1979 quidam
1118 1894 1310 1977 111111111-

181 1999 328 2078 familias,
359 2001 412 2083 qui
440 2000 597 2083 planlauil
622 2001 748 2067 uincam
772 2002 805 2065 ol
826 2018 954 2083 saepem
975 1998 1024 2063 illi
1046 1997 1256 2064 circumdedit
1278 1998 1312 2063 el

143 2102 262 2169 refodit
282 2103 314 2167 in
337 2123 376 2169 oa
396 2104 502 2169 lacum
519 2104 551 2169 el
567 2103 750 2169 aedificarit
765 2104 799 2168 in
814 2122 853 2168 ea
873 2104 1002 2181 torrem,
1028 2101 1060 2166 et
1080 2100 1199 2167 locauit
1219 2100 1309 2165 illam

181 2204 311 2284 colonis,
335 2206 367 2271 ct
387 2223 518 2289 peregre
540 2205 700 2288 profectos
723 2206 780 2272 esi
815 2222 889 2271 oum
904 2205 1010 2271 aulem
1025 2202 1310 2286 adpropinquasset

180 2306 306 2390 tompus
340 2306 476 2390 frugum,
509 2306 597 2372 misit
630 2324 739 2372 seruos
772 2324 847 2373 suos
877 2306 919 2371 ad
951 2305 1089 2372 cultores
1118 2305 1242 2385 rdneae,
1272 2305 1310 2370 ut

182 2408 363 2492 acciperent
384 2408 521 2474 fructum
536 2409 658 2475 uineae.
691 2410 723 2473 et
739 2407 942 2491 adprehensis
959 2408 1059 2475 seruis
1073 2408 1186 2486 coloni,
1210 2407 1309 2473 alium

179 2640 226 2698 eol
246 2655 366 2713 regnum
395 2638 534 2697 caelorum
563 2637 669 2697 homiui
698 2638 774 2713 pulri
803 2636 927 2696 familias
953 2637 1003 2710 qui
1024 2637 1093 2697 exiit
1114 2636 1204 2712 primo
1224 2652 1309 2697 urano
1337 2660 1364 2701 ι

140 2740 167 2783 ao
180 2724 334 2784 conducere
366 2724 508 2799 operarios
541 2724 570 2782 in
600 2724 712 2784 uincam
741 2740 832 2783 suam.
875 2723 965 2782 Item
994 2739 1066 2797 esp.
1089 2722 1184 2781 ml:
1216 2720 1309 2781 Homo

180 2810 241 2869 erat
261 2812 342 2884 paler
363 2809 496 2880 familias,
520 2810 569 2885 qui
589 2808 733 2884 plantauit
753 2808 875 2878 uincam,
899 2825 985 2883 saepe
1006 2807 1189 2867 circumdedit
1210 2824 1252 2867 ea.

178 3031 303 3091 familias
325 3030 374 3105 qui
396 3032 465 3090 exiit
486 3030 576 3106 primo
597 3048 680 3089 mano
703 3030 856 3090 conducere
877 3028 1019 3104 operarios
1040 3028 1071 3087 iu
1092 3028 1204 3088 uincam
1225 3044 1307 3089 suam
1335 3047 1361 3107 ps

179 3133 292 3192 usque
315 3117 454 3194 incipiens
471 3116 666 3177 anonissimis
689 3132 779 3191 usque
794 3115 831 3174 ed
851 3116 966 3190 primos.
1003 3114 1093 3173 Item
1114 3131 1187 3189 cap.
1210 3114 1306 3173 XXII:

178 3201 269 3261 Homo
301 3204 362 3261 erat
393 3204 474 3278 pater
506 3202 639 3271 familias,
663 3202 712 3276 qui
733 3201 877 3277 plantarii
897 3200 1010 3261 uincam
1031 3200 1061 3259 et
1082 3216 1167 3275 saepe
1189 3200 1307 3259 eircum-

139 3287 256 3346 aededil
278 3304 474 3362 eamusque
497 3286 561 3347 allis
584 3288 729 3362 agricolis,
752 3287 801 3361 qui
831 3285 950 3346 reddunt
978 3285 1005 3345 ei
1030 3284 1153 3345 11111111
1173 3286 1307 3361 11111111-

179 3373 234 3432 bue
256 3373 327 3432 suis.

282 3587 315 3641 18
332 3586 430 3643 neon.
446 3587 490 3651 21,
508 3580 609 3641 33—41

230 3793 247 3846 8
271 3792 414 3848 11111118
512 3792 671 3847 samaeus
770 3792 786 3844 5
809 3806 857 3845 nos
880 3791 903 3847 S
1001 3788 1135 3859 dprodiit
1152 3789 1239 3845 MLO

175 3880 326 3935 adires
426 3878 458 3933 10
482 3878 627 3948 operamini
648 3892 699 3934 0111.
724 3877 761 3933 Uo
783 3876 911 3945 (ὑπάγετε
934 3876 981 3931 καὶ
1001 3875 1081 3944 ὑμεῖς
1101 3874 1205 3935 edredo
1222 3874 1307 3943 ἄμπε-

173 3966 265 4038 lucc)
371 3965 477 4019 uincsm
498 3980 585 4019 meam
607 3964 708 4020 Mace
816 3978 924 4033 uespere
946 3966 1036 4017 autem
1057 3961 1129 4017 facto
1152 3960 1239 4017 MLC

178 4052 212 4106 12
237 4049 343 4105 initium
365 4048 465 4104 lacieuo
489 4048 523 4105 S:
551 4050 679 4120 incipieus
705 4048 810 4105 MLOc
913 4047 1064 4103 1111111111
1085 4048 1161 4114 (mos
1180 4046 1236 4115 M²l
1258 4046 1307 4101 Me

175 4138 246 4209 ,fido
348 4134 396 4189 ubi
422 4150 500 4205 supra
525 4135 612 4191 MLO
713 4133 746 4189 13
767 4133 822 4189 illis
844 4133 878 4189 S:
907 4134 946 4188 eis
968 4133 1056 4190 HLO
1157 4132 1191 4185 14
1217 4146 1308 4200 sepem

173 4223 269 4295 Ι111111),
296 4237 357 4291 sepe
374 4220 402 4277 L
488 4219 759 4277 resarciremus
841 4221 927 4275 lacum
945 4219 1042 4275 SML:
1067 4217 1184 4273 torcular
1201 4216 1239 4273 Co

176 4310 205 4363 in
223 4324 256 4363 ea
276 4310 375 4362 currem
398 4305 431 4363 S:
460 4308 558 4361 turrem
575 4307 633 4375 (im
652 4306 683 4378 0)
700 4307 729 4361 in
747 4305 834 4361 medio
853 4306 909 4360 eins
925 4304 1018 4363 MLG
1119 4303 1151 4357 17
1175 4301 1310 4358 1111111111

176 4393 283 4449 Mace
385 4390 419 4446 18
436 4390 622 4461 adpraehensis
641 4392 695 4458 SD,
726 4390 866 4462 apphensis
884 4391 944 4446 Mc
