<?xml version="1.0" encoding="UTF-8"?>
<!DOCTYPE html PUBLIC "-//W3C//DTD XHTML 1.0 Transitional//EN"
    "http://www.w3.org/TR/xhtml1/DTD/xhtml1-transitional.dtd">
<html xmlns="http://www.w3.org/1999/xhtml" xml:lang="en" lang="en">
 <head>
  <title>
</title>
<meta http-equiv="Content-Type" content="text/html;charset=utf-8" />
  <meta name='ocr-system' content='tesseract 3.04.00' />
  <meta name='ocr-capabilities' content='ocr_page ocr_carea ocr_par ocr_line ocrx_word'/>
</head>
<body>
  <div class='ocr_page' id='page_1' title='image "./corpusscriptoru19wissgoog_0197.png"; bbox 0 0 3159 4967; ppageno 0'>
   <div class='ocr_carea' id='block_1_1' title="bbox 652 439 1314 508">
    <p class='ocr_par' dir='ltr' id='par_1_1' title="bbox 652 439 1314 508">
     <span class='ocr_line' id='line_1_1' title="bbox 652 439 1314 508; baseline -0.002 -15"><span class='ocrx_word' id='word_1_1' title='bbox 652 439 836 508; x_wconf 78' lang='lat' dir='ltr'>Speculum.</span> <span class='ocrx_word' id='word_1_2' title='bbox 1253 441 1314 508; x_wconf 78' lang='grc'>137</span> 
     </span>
    </p>
   </div>
   <div class='ocr_carea' id='block_1_2' title="bbox 138 626 1393 2882">
    <p class='ocr_par' dir='ltr' id='par_1_2' title="bbox 138 626 1393 2882">
     <span class='ocr_line' id='line_1_2' title="bbox 179 626 1313 711; baseline 0.004 -20"><span class='ocrx_word' id='word_1_3' title='bbox 179 627 275 691; x_wconf 89' lang='lat' dir='ltr'>docet</span> <span class='ocrx_word' id='word_1_4' title='bbox 297 626 419 692; x_wconf 76' lang='lat' dir='ltr'>latrium</span> <span class='ocrx_word' id='word_1_5' title='bbox 443 626 533 709; x_wconf 86' lang='lat' dir='ltr'><strong>quasi</strong></span> <span class='ocrx_word' id='word_1_6' title='bbox 549 627 603 709; x_wconf 90' lang='lat' dir='ltr'>qui</span> <span class='ocrx_word' id='word_1_7' title='bbox 619 627 817 710; x_wconf 75' lang='lat' dir='ltr'>conglutinat</span> <span class='ocrx_word' id='word_1_8' title='bbox 831 627 957 693; x_wconf 85' lang='lat' dir='ltr'>testam.</span> <span class='ocrx_word' id='word_1_9' title='bbox 989 629 1042 711; x_wconf 89' lang='lat' dir='ltr'>qui</span> <span class='ocrx_word' id='word_1_10' title='bbox 1058 630 1165 695; x_wconf 87' lang='lat' dir='ltr'>narrat</span> <span class='ocrx_word' id='word_1_11' title='bbox 1179 629 1313 695; x_wconf 89' lang='lat' dir='ltr'>uerbum</span> 
     </span>
     <span class='ocr_line' id='line_1_3' title="bbox 179 728 1312 816; baseline 0.004 -22"><span class='ocrx_word' id='word_1_12' title='bbox 179 749 241 795; x_wconf 93' lang='lat' dir='ltr'>non</span> <span class='ocrx_word' id='word_1_13' title='bbox 264 728 448 794; x_wconf 88' lang='lat' dir='ltr'>adtendenti</span> <span class='ocrx_word' id='word_1_14' title='bbox 470 729 561 811; x_wconf 86' lang='lat' dir='ltr'>quasi</span> <span class='ocrx_word' id='word_1_15' title='bbox 583 730 637 812; x_wconf 89' lang='lat' dir='ltr'>qui</span> <span class='ocrx_word' id='word_1_16' title='bbox 660 729 778 794; x_wconf 80' lang='lat' dir='ltr'>excitat</span> <span class='ocrx_word' id='word_1_17' title='bbox 800 730 1007 797; x_wconf 89' lang='lat' dir='ltr'>dormientem</span> <span class='ocrx_word' id='word_1_18' title='bbox 1032 732 1071 798; x_wconf 95' lang='lat' dir='ltr'>de</span> <span class='ocrx_word' id='word_1_19' title='bbox 1086 734 1178 816; x_wconf 91' lang='lat' dir='ltr'>graui</span> <span class='ocrx_word' id='word_1_20' title='bbox 1192 753 1312 811; x_wconf 86' lang='lat' dir='ltr'>somno,</span> 
     </span>
     <span class='ocr_line' id='line_1_4' title="bbox 180 831 1313 920; baseline 0.003 -23"><span class='ocrx_word' id='word_1_21' title='bbox 180 833 234 916; x_wconf 86' lang='lat' dir='ltr'>qui</span> <span class='ocrx_word' id='word_1_22' title='bbox 262 833 427 897; x_wconf 79' lang='lat' dir='ltr'>enumerat</span> <span class='ocrx_word' id='word_1_23' title='bbox 455 831 553 897; x_wconf 90' lang='lat' dir='ltr'>stulto</span> <span class='ocrx_word' id='word_1_24' title='bbox 582 833 615 897; x_wconf 90' lang='lat' dir='ltr'>et</span> <span class='ocrx_word' id='word_1_25' title='bbox 642 832 674 896; x_wconf 93' lang='lat' dir='ltr'>in</span> <span class='ocrx_word' id='word_1_26' title='bbox 703 833 764 898; x_wconf 89' lang='lat' dir='ltr'>line</span> <span class='ocrx_word' id='word_1_27' title='bbox 795 833 888 898; x_wconf 87' lang='lat' dir='ltr'>dicit:</span> <span class='ocrx_word' id='word_1_28' title='bbox 925 836 994 918; x_wconf 90' lang='lat' dir='ltr'>quis</span> <span class='ocrx_word' id='word_1_29' title='bbox 1023 837 1072 900; x_wconf 91' lang='lat' dir='ltr'>est</span> <span class='ocrx_word' id='word_1_30' title='bbox 1101 836 1175 902; x_wconf 77' lang='lat' dir='ltr'>hic?</span> <span class='ocrx_word' id='word_1_31' title='bbox 1220 855 1313 920; x_wconf 89' lang='lat' dir='ltr'>super</span> 
     </span>
     <span class='ocr_line' id='line_1_5' title="bbox 179 934 1312 1022; baseline 0.004 -22"><span class='ocrx_word' id='word_1_32' title='bbox 179 937 340 1000; x_wconf 89' lang='lat' dir='ltr'>mortuum</span> <span class='ocrx_word' id='word_1_33' title='bbox 361 936 459 1017; x_wconf 83' lang='lat' dir='ltr'>plora,</span> <span class='ocrx_word' id='word_1_34' title='bbox 484 934 602 1000; x_wconf 80' lang='lat' dir='ltr'>defecit</span> <span class='ocrx_word' id='word_1_35' title='bbox 620 935 702 1000; x_wconf 92' lang='lat' dir='ltr'>enim</span> <span class='ocrx_word' id='word_1_36' title='bbox 724 937 779 1000; x_wconf 84' lang='lat' dir='ltr'>lox</span> <span class='ocrx_word' id='word_1_37' title='bbox 803 937 887 1002; x_wconf 89' lang='lat' dir='ltr'>eius:</span> <span class='ocrx_word' id='word_1_38' title='bbox 912 939 944 1002; x_wconf 88' lang='lat' dir='ltr'>et</span> <span class='ocrx_word' id='word_1_39' title='bbox 967 957 1060 1021; x_wconf 87' lang='lat' dir='ltr'>super</span> <span class='ocrx_word' id='word_1_40' title='bbox 1075 937 1197 1004; x_wconf 77' lang='lat' dir='ltr'>fatuum</span> <span class='ocrx_word' id='word_1_41' title='bbox 1213 941 1312 1022; x_wconf 84' lang='lat' dir='ltr'>plora,</span> 
     </span>
     <span class='ocr_line' id='line_1_6' title="bbox 151 1037 1313 1125; baseline 0.003 -22"><span class='ocrx_word' id='word_1_42' title='bbox 151 1037 298 1103; x_wconf 79' lang='lat' dir='ltr'>adoleuit</span> <span class='ocrx_word' id='word_1_43' title='bbox 313 1039 396 1102; x_wconf 90' lang='lat' dir='ltr'>enim</span> <span class='ocrx_word' id='word_1_44' title='bbox 419 1056 538 1102; x_wconf 90' lang='lat' dir='ltr'>sensus.</span> <span class='ocrx_word' id='word_1_45' title='bbox 576 1038 738 1103; x_wconf 89' lang='lat' dir='ltr'>modicum</span> <span class='ocrx_word' id='word_1_46' title='bbox 752 1039 843 1122; x_wconf 89' lang='lat' dir='ltr'>plora</span> <span class='ocrx_word' id='word_1_47' title='bbox 865 1059 958 1123; x_wconf 90' lang='lat' dir='ltr'>super</span> <span class='ocrx_word' id='word_1_48' title='bbox 973 1043 1141 1118; x_wconf 84' lang='lat' dir='ltr'>mortuum,</span> <span class='ocrx_word' id='word_1_49' title='bbox 1165 1043 1313 1125; x_wconf 90' lang='lat' dir='ltr'>quoniam</span> 
     </span>
     <span class='ocr_line' id='line_1_7' title="bbox 179 1141 1312 1226; baseline 0.005 -21"><span class='ocrx_word' id='word_1_50' title='bbox 179 1141 352 1223; x_wconf 88' lang='lat' dir='ltr'>requieuit:</span> <span class='ocrx_word' id='word_1_51' title='bbox 375 1141 561 1223; x_wconf 83' lang='lat' dir='ltr'>nequissimi</span> <span class='ocrx_word' id='word_1_52' title='bbox 576 1141 660 1206; x_wconf 91' lang='lat' dir='ltr'>enim</span> <span class='ocrx_word' id='word_1_53' title='bbox 676 1143 870 1225; x_wconf 86' lang='lat' dir='ltr'>nequissima</span> <span class='ocrx_word' id='word_1_54' title='bbox 884 1143 953 1208; x_wconf 91' lang='lat' dir='ltr'>uita</span> <span class='ocrx_word' id='word_1_55' title='bbox 966 1163 1059 1226; x_wconf 90' lang='lat' dir='ltr'>super</span> <span class='ocrx_word' id='word_1_56' title='bbox 1073 1147 1208 1210; x_wconf 89' lang='lat' dir='ltr'>mortem</span> <span class='ocrx_word' id='word_1_57' title='bbox 1223 1145 1312 1211; x_wconf 88' lang='lat' dir='ltr'>fatui.</span> 
     </span>
     <span class='ocr_line' id='line_1_8' title="bbox 179 1242 1313 1330; baseline 0.006 -23"><span class='ocrx_word' id='word_1_58' title='bbox 179 1244 286 1308; x_wconf 92' lang='lat' dir='ltr'>luctus</span> <span class='ocrx_word' id='word_1_59' title='bbox 307 1244 423 1309; x_wconf 88' lang='lat' dir='ltr'>mortui</span> <span class='ocrx_word' id='word_1_60' title='bbox 445 1244 568 1326; x_wconf 90' lang='lat' dir='ltr'>septem</span> <span class='ocrx_word' id='word_1_61' title='bbox 591 1242 720 1309; x_wconf 88' lang='lat' dir='ltr'>diebus:</span> <span class='ocrx_word' id='word_1_62' title='bbox 742 1244 824 1309; x_wconf 90' lang='lat' dir='ltr'>fatui</span> <span class='ocrx_word' id='word_1_63' title='bbox 848 1246 954 1312; x_wconf 90' lang='lat' dir='ltr'>autem</span> <span class='ocrx_word' id='word_1_64' title='bbox 971 1247 1002 1311; x_wconf 91' lang='lat' dir='ltr'>et</span> <span class='ocrx_word' id='word_1_65' title='bbox 1016 1247 1104 1330; x_wconf 88' lang='lat' dir='ltr'>impii</span> <span class='ocrx_word' id='word_1_66' title='bbox 1120 1267 1229 1314; x_wconf 93' lang='lat' dir='ltr'>omnes</span> <span class='ocrx_word' id='word_1_67' title='bbox 1245 1249 1313 1314; x_wconf 92' lang='lat' dir='ltr'>dies</span> 
     </span>
     <span class='ocr_line' id='line_1_9' title="bbox 181 1347 1313 1433; baseline 0.005 -21"><span class='ocrx_word' id='word_1_68' title='bbox 181 1347 266 1412; x_wconf 88' lang='lat' dir='ltr'>uitae</span> <span class='ocrx_word' id='word_1_69' title='bbox 288 1347 424 1411; x_wconf 88' lang='lat' dir='ltr'>illorum.</span> <span class='ocrx_word' id='word_1_70' title='bbox 469 1347 517 1411; x_wconf 81' lang='lat' dir='ltr'>lit</span> <span class='ocrx_word' id='word_1_71' title='bbox 543 1348 635 1429; x_wconf 88' lang='lat' dir='ltr'>post</span> <span class='ocrx_word' id='word_1_72' title='bbox 662 1347 739 1412; x_wconf 88' lang='lat' dir='ltr'>XXI</span> <span class='ocrx_word' id='word_1_73' title='bbox 767 1367 923 1413; x_wconf 86' lang='lat' dir='ltr'>uorsus:</span> <span class='ocrx_word' id='word_1_74' title='bbox 957 1349 1088 1414; x_wconf 83' lang='lat' dir='ltr'>Mittens</span> <span class='ocrx_word' id='word_1_75' title='bbox 1116 1351 1257 1433; x_wconf 91' lang='lat' dir='ltr'>lapidem</span> <span class='ocrx_word' id='word_1_76' title='bbox 1280 1353 1313 1418; x_wconf 92' lang='lat' dir='ltr'>in</span> 
     </span>
     <span class='ocr_line' id='line_1_10' title="bbox 180 1448 1314 1533; baseline 0.004 -19"><span class='ocrx_word' id='word_1_77' title='bbox 180 1449 332 1514; x_wconf 83' lang='lat' dir='ltr'>dolatilia</span> <span class='ocrx_word' id='word_1_78' title='bbox 348 1448 465 1514; x_wconf 77' lang='lat' dir='ltr'>deiciet</span> <span class='ocrx_word' id='word_1_79' title='bbox 486 1449 557 1513; x_wconf 92' lang='lat' dir='ltr'>illa:</span> <span class='ocrx_word' id='word_1_80' title='bbox 588 1450 634 1514; x_wconf 86' lang='lat' dir='ltr'>sie</span> <span class='ocrx_word' id='word_1_81' title='bbox 665 1450 698 1514; x_wconf 91' lang='lat' dir='ltr'>et</span> <span class='ocrx_word' id='word_1_82' title='bbox 726 1451 779 1533; x_wconf 87' lang='lat' dir='ltr'>qui</span> <span class='ocrx_word' id='word_1_83' title='bbox 811 1452 1007 1516; x_wconf 89' lang='lat' dir='ltr'>conuiciatur</span> <span class='ocrx_word' id='word_1_84' title='bbox 1035 1453 1137 1518; x_wconf 87' lang='lat' dir='ltr'>amico</span> <span class='ocrx_word' id='word_1_85' title='bbox 1167 1455 1314 1520; x_wconf 90' lang='lat' dir='ltr'>dissoluit</span> 
     </span>
     <span class='ocr_line' id='line_1_11' title="bbox 138 1552 1312 1641; baseline 0.004 -25"><span class='ocrx_word' id='word_1_86' title='bbox 138 1578 167 1618; x_wconf 71' lang='lat' dir='ltr'>xo</span> <span class='ocrx_word' id='word_1_87' title='bbox 182 1552 363 1617; x_wconf 88' lang='lat' dir='ltr'>amicitiam.</span> <span class='ocrx_word' id='word_1_88' title='bbox 403 1553 444 1616; x_wconf 92' lang='lat' dir='ltr'>ad</span> <span class='ocrx_word' id='word_1_89' title='bbox 468 1554 605 1618; x_wconf 90' lang='lat' dir='ltr'>amicum</span> <span class='ocrx_word' id='word_1_90' title='bbox 622 1554 684 1619; x_wconf 89' lang='lat' dir='ltr'>etsi</span> <span class='ocrx_word' id='word_1_91' title='bbox 697 1554 884 1636; x_wconf 85' lang='lat' dir='ltr'>produxeris</span> <span class='ocrx_word' id='word_1_92' title='bbox 899 1555 1052 1638; x_wconf 82' lang='lat' dir='ltr'>gladium,</span> <span class='ocrx_word' id='word_1_93' title='bbox 1069 1577 1129 1622; x_wconf 91' lang='lat' dir='ltr'>non</span> <span class='ocrx_word' id='word_1_94' title='bbox 1146 1558 1312 1641; x_wconf 82' lang='lat' dir='ltr'>desperes:</span> 
     </span>
     <span class='ocr_line' id='line_1_12' title="bbox 181 1655 1313 1741; baseline 0.004 -20"><span class='ocrx_word' id='word_1_95' title='bbox 181 1657 231 1721; x_wconf 93' lang='lat' dir='ltr'>est</span> <span class='ocrx_word' id='word_1_96' title='bbox 253 1655 335 1720; x_wconf 91' lang='lat' dir='ltr'>enim</span> <span class='ocrx_word' id='word_1_97' title='bbox 357 1673 530 1739; x_wconf 82' lang='lat' dir='ltr'>regressus.</span> <span class='ocrx_word' id='word_1_98' title='bbox 577 1657 619 1722; x_wconf 87' lang='lat' dir='ltr'>ad</span> <span class='ocrx_word' id='word_1_99' title='bbox 649 1657 787 1722; x_wconf 90' lang='lat' dir='ltr'>amicum</span> <span class='ocrx_word' id='word_1_100' title='bbox 815 1659 842 1722; x_wconf 92' lang='lat' dir='ltr'>si</span> <span class='ocrx_word' id='word_1_101' title='bbox 872 1659 1030 1741; x_wconf 88' lang='lat' dir='ltr'>aperuerit</span> <span class='ocrx_word' id='word_1_102' title='bbox 1059 1679 1093 1724; x_wconf 91' lang='lat' dir='ltr'>os</span> <span class='ocrx_word' id='word_1_103' title='bbox 1119 1661 1221 1738; x_wconf 79' lang='lat' dir='ltr'>triste,</span> <span class='ocrx_word' id='word_1_104' title='bbox 1252 1679 1313 1726; x_wconf 92' lang='lat' dir='ltr'>non</span> 
     </span>
     <span class='ocr_line' id='line_1_13' title="bbox 179 1759 1313 1847; baseline 0.007 -25"><span class='ocrx_word' id='word_1_105' title='bbox 179 1759 311 1823; x_wconf 88' lang='lat' dir='ltr'>timeas:</span> <span class='ocrx_word' id='word_1_106' title='bbox 335 1760 384 1823; x_wconf 90' lang='lat' dir='ltr'>ost</span> <span class='ocrx_word' id='word_1_107' title='bbox 407 1759 489 1824; x_wconf 91' lang='lat' dir='ltr'>enim</span> <span class='ocrx_word' id='word_1_108' title='bbox 513 1759 726 1837; x_wconf 83' lang='lat' dir='ltr'>concordatio,</span> <span class='ocrx_word' id='word_1_109' title='bbox 758 1762 889 1844; x_wconf 87' lang='lat' dir='ltr'>excepto</span> <span class='ocrx_word' id='word_1_110' title='bbox 912 1761 1055 1827; x_wconf 90' lang='lat' dir='ltr'>conuicio</span> <span class='ocrx_word' id='word_1_111' title='bbox 1083 1763 1115 1827; x_wconf 91' lang='lat' dir='ltr'>et</span> <span class='ocrx_word' id='word_1_112' title='bbox 1135 1763 1313 1847; x_wconf 88' lang='lat' dir='ltr'>inproperio</span> 
     </span>
     <span class='ocr_line' id='line_1_14' title="bbox 181 1863 1313 1949; baseline 0.002 -18"><span class='ocrx_word' id='word_1_113' title='bbox 181 1865 215 1931; x_wconf 89' lang='lat' dir='ltr'>et</span> <span class='ocrx_word' id='word_1_114' title='bbox 242 1864 390 1946; x_wconf 87' lang='lat' dir='ltr'>soperbia</span> <span class='ocrx_word' id='word_1_115' title='bbox 417 1864 449 1928; x_wconf 86' lang='lat' dir='ltr'>et</span> <span class='ocrx_word' id='word_1_116' title='bbox 477 1864 618 1947; x_wconf 77' lang='lat' dir='ltr'>mysterii</span> <span class='ocrx_word' id='word_1_117' title='bbox 646 1863 841 1930; x_wconf 88' lang='lat' dir='ltr'>reuelatione</span> <span class='ocrx_word' id='word_1_118' title='bbox 871 1866 903 1929; x_wconf 91' lang='lat' dir='ltr'>et</span> <span class='ocrx_word' id='word_1_119' title='bbox 931 1867 1027 1949; x_wconf 89' lang='lat' dir='ltr'>plaga</span> <span class='ocrx_word' id='word_1_120' title='bbox 1050 1866 1175 1932; x_wconf 87' lang='lat' dir='ltr'>dolosa:</span> <span class='ocrx_word' id='word_1_121' title='bbox 1209 1869 1242 1932; x_wconf 91' lang='lat' dir='ltr'>iu</span> <span class='ocrx_word' id='word_1_122' title='bbox 1264 1867 1313 1934; x_wconf 88' lang='lat' dir='ltr'>his</span> 
     </span>
     <span class='ocr_line' id='line_1_15' title="bbox 181 1966 1315 2053; baseline 0.003 -19"><span class='ocrx_word' id='word_1_123' title='bbox 181 1969 325 2035; x_wconf 90' lang='lat' dir='ltr'>omnibus</span> <span class='ocrx_word' id='word_1_124' title='bbox 348 1966 477 2050; x_wconf 67' lang='lat' dir='ltr'>erugo</span> <span class='ocrx_word' id='word_1_125' title='bbox 504 1967 635 2032; x_wconf 89' lang='lat' dir='ltr'>amicus.</span> <span class='ocrx_word' id='word_1_126' title='bbox 680 1967 729 2034; x_wconf 81' lang='lat' dir='ltr'>Et</span> <span class='ocrx_word' id='word_1_127' title='bbox 755 1969 845 2050; x_wconf 91' lang='lat' dir='ltr'>poet</span> <span class='ocrx_word' id='word_1_128' title='bbox 872 1969 902 2034; x_wconf 96' lang='lat' dir='ltr'>X</span> <span class='ocrx_word' id='word_1_129' title='bbox 931 1988 1086 2035; x_wconf 89' lang='lat' dir='ltr'>uersos:</span> <span class='ocrx_word' id='word_1_130' title='bbox 1117 1970 1195 2053; x_wconf 80' lang='lat' dir='ltr'>Quis</span> <span class='ocrx_word' id='word_1_131' title='bbox 1226 1971 1315 2037; x_wconf 88' lang='lat' dir='ltr'>dabit</span> 
     </span>
     <span class='ocr_line' id='line_1_16' title="bbox 139 2070 1313 2156; baseline 0.005 -24"><span class='ocrx_word' id='word_1_132' title='bbox 139 2093 166 2132; x_wconf 73' lang='lat' dir='ltr'>rs</span> <span class='ocrx_word' id='word_1_133' title='bbox 181 2073 227 2138; x_wconf 92' lang='lat' dir='ltr'>ori</span> <span class='ocrx_word' id='word_1_134' title='bbox 248 2092 320 2138; x_wconf 93' lang='lat' dir='ltr'>meo</span> <span class='ocrx_word' id='word_1_135' title='bbox 342 2070 521 2136; x_wconf 87' lang='lat' dir='ltr'>custodiam</span> <span class='ocrx_word' id='word_1_136' title='bbox 552 2071 585 2135; x_wconf 89' lang='lat' dir='ltr'>et</span> <span class='ocrx_word' id='word_1_137' title='bbox 613 2071 822 2153; x_wconf 78' lang='lat' dir='ltr'>superlatio</span> <span class='ocrx_word' id='word_1_138' title='bbox 851 2090 923 2137; x_wconf 88' lang='lat' dir='ltr'>mea</span> <span class='ocrx_word' id='word_1_139' title='bbox 951 2073 1149 2156; x_wconf 86' lang='lat' dir='ltr'>signaculum</span> <span class='ocrx_word' id='word_1_140' title='bbox 1179 2077 1313 2151; x_wconf 85' lang='lat' dir='ltr'>certum,</span> 
     </span>
     <span class='ocr_line' id='line_1_17' title="bbox 180 2173 1314 2258; baseline 0.004 -18"><span class='ocrx_word' id='word_1_141' title='bbox 180 2177 227 2240; x_wconf 91' lang='lat' dir='ltr'>uti</span> <span class='ocrx_word' id='word_1_142' title='bbox 260 2196 300 2240; x_wconf 92' lang='lat' dir='ltr'>ne</span> <span class='ocrx_word' id='word_1_143' title='bbox 327 2174 443 2239; x_wconf 87' lang='lat' dir='ltr'>cadam</span> <span class='ocrx_word' id='word_1_144' title='bbox 473 2177 512 2239; x_wconf 88' lang='lat' dir='ltr'>ab</span> <span class='ocrx_word' id='word_1_145' title='bbox 534 2175 612 2256; x_wconf 90' lang='lat' dir='ltr'>ipsis</span> <span class='ocrx_word' id='word_1_146' title='bbox 641 2174 674 2239; x_wconf 93' lang='lat' dir='ltr'>et</span> <span class='ocrx_word' id='word_1_147' title='bbox 699 2173 809 2258; x_wconf 90' lang='lat' dir='ltr'>lingua</span> <span class='ocrx_word' id='word_1_148' title='bbox 836 2193 908 2240; x_wconf 88' lang='lat' dir='ltr'>mea</span> <span class='ocrx_word' id='word_1_149' title='bbox 935 2177 1048 2258; x_wconf 86' lang='lat' dir='ltr'>perdat</span> <span class='ocrx_word' id='word_1_150' title='bbox 1075 2196 1136 2242; x_wconf 89' lang='lat' dir='ltr'>me.</span> <span class='ocrx_word' id='word_1_151' title='bbox 1181 2179 1314 2244; x_wconf 89' lang='lat' dir='ltr'>Domine</span> 
     </span>
     <span class='ocr_line' id='line_1_18' title="bbox 178 2279 1314 2364; baseline 0.003 -20"><span class='ocrx_word' id='word_1_152' title='bbox 178 2282 270 2363; x_wconf 89' lang='lat' dir='ltr'>pater</span> <span class='ocrx_word' id='word_1_153' title='bbox 293 2279 325 2345; x_wconf 92' lang='lat' dir='ltr'>et</span> <span class='ocrx_word' id='word_1_154' title='bbox 347 2279 524 2344; x_wconf 88' lang='lat' dir='ltr'>dominator</span> <span class='ocrx_word' id='word_1_155' title='bbox 544 2279 632 2344; x_wconf 90' lang='lat' dir='ltr'>uitae</span> <span class='ocrx_word' id='word_1_156' title='bbox 654 2298 755 2358; x_wconf 80' lang='lat' dir='ltr'>meae,</span> <span class='ocrx_word' id='word_1_157' title='bbox 779 2298 839 2345; x_wconf 94' lang='lat' dir='ltr'>non</span> <span class='ocrx_word' id='word_1_158' title='bbox 862 2279 1021 2364; x_wconf 88' lang='lat' dir='ltr'>relinques</span> <span class='ocrx_word' id='word_1_159' title='bbox 1044 2301 1095 2345; x_wconf 91' lang='lat' dir='ltr'>me</span> <span class='ocrx_word' id='word_1_160' title='bbox 1120 2281 1152 2345; x_wconf 88' lang='lat' dir='ltr'>et</span> <span class='ocrx_word' id='word_1_161' title='bbox 1173 2301 1212 2346; x_wconf 93' lang='lat' dir='ltr'>ne</span> <span class='ocrx_word' id='word_1_162' title='bbox 1229 2282 1314 2347; x_wconf 88' lang='lat' dir='ltr'>sinas</span> 
     </span>
     <span class='ocr_line' id='line_1_19' title="bbox 179 2382 1316 2468; baseline 0.001 -20"><span class='ocrx_word' id='word_1_163' title='bbox 179 2403 232 2448; x_wconf 90' lang='lat' dir='ltr'>me</span> <span class='ocrx_word' id='word_1_164' title='bbox 254 2384 371 2448; x_wconf 88' lang='lat' dir='ltr'>cadere</span> <span class='ocrx_word' id='word_1_165' title='bbox 392 2383 425 2446; x_wconf 92' lang='lat' dir='ltr'>in</span> <span class='ocrx_word' id='word_1_166' title='bbox 447 2382 521 2446; x_wconf 90' lang='lat' dir='ltr'>illis.</span> <span class='ocrx_word' id='word_1_167' title='bbox 568 2383 639 2464; x_wconf 78' lang='lat' dir='ltr'>qula</span> <span class='ocrx_word' id='word_1_168' title='bbox 662 2383 845 2466; x_wconf 87' lang='lat' dir='ltr'>superponit</span> <span class='ocrx_word' id='word_1_169' title='bbox 866 2383 898 2447; x_wconf 93' lang='lat' dir='ltr'>in</span> <span class='ocrx_word' id='word_1_170' title='bbox 921 2385 1063 2467; x_wconf 89' lang='lat' dir='ltr'>cogitatu</span> <span class='ocrx_word' id='word_1_171' title='bbox 1092 2403 1163 2450; x_wconf 90' lang='lat' dir='ltr'>mco</span> <span class='ocrx_word' id='word_1_172' title='bbox 1186 2385 1316 2468; x_wconf 86' lang='lat' dir='ltr'>flagella</span> 
     </span>
     <span class='ocr_line' id='line_1_20' title="bbox 181 2486 1393 2570; baseline -0.001 -17"><span class='ocrx_word' id='word_1_173' title='bbox 181 2489 215 2552; x_wconf 89' lang='lat' dir='ltr'>et</span> <span class='ocrx_word' id='word_1_174' title='bbox 235 2489 267 2552; x_wconf 91' lang='lat' dir='ltr'>in</span> <span class='ocrx_word' id='word_1_175' title='bbox 291 2487 386 2553; x_wconf 91' lang='lat' dir='ltr'>corde</span> <span class='ocrx_word' id='word_1_176' title='bbox 401 2504 473 2551; x_wconf 90' lang='lat' dir='ltr'>meo</span> <span class='ocrx_word' id='word_1_177' title='bbox 489 2486 666 2551; x_wconf 87' lang='lat' dir='ltr'>doctrinam</span> <span class='ocrx_word' id='word_1_178' title='bbox 683 2487 867 2569; x_wconf 85' lang='lat' dir='ltr'>sapientiae,</span> <span class='ocrx_word' id='word_1_179' title='bbox 891 2488 928 2551; x_wconf 94' lang='lat' dir='ltr'>ut</span> <span class='ocrx_word' id='word_1_180' title='bbox 941 2487 1189 2570; x_wconf 86' lang='lat' dir='ltr'>ignorationibus</span> <span class='ocrx_word' id='word_1_181' title='bbox 1205 2506 1314 2554; x_wconf 88' lang='lat' dir='ltr'>eorum</span> <span class='ocrx_word' id='word_1_182' title='bbox 1388 2497 1393 2506; x_wconf 89' lang='grc'><strong>“</strong></span> 
     </span>
     <span class='ocr_line' id='line_1_21' title="bbox 138 2590 1313 2675; baseline 0 -19"><span class='ocrx_word' id='word_1_183' title='bbox 138 2605 166 2647; x_wconf 75' lang='lat'>²⁰</span> <span class='ocrx_word' id='word_1_184' title='bbox 179 2610 241 2657; x_wconf 94' lang='lat' dir='ltr'>non</span> <span class='ocrx_word' id='word_1_185' title='bbox 263 2593 396 2675; x_wconf 87' lang='lat' dir='ltr'>parcant</span> <span class='ocrx_word' id='word_1_186' title='bbox 421 2590 499 2656; x_wconf 84' lang='lat' dir='ltr'>milri</span> <span class='ocrx_word' id='word_1_187' title='bbox 528 2591 561 2655; x_wconf 88' lang='lat' dir='ltr'>et</span> <span class='ocrx_word' id='word_1_188' title='bbox 589 2609 648 2656; x_wconf 92' lang='lat' dir='ltr'>nou</span> <span class='ocrx_word' id='word_1_189' title='bbox 672 2592 844 2673; x_wconf 83' lang='lat' dir='ltr'>appareant</span> <span class='ocrx_word' id='word_1_190' title='bbox 874 2590 992 2656; x_wconf 88' lang='lat' dir='ltr'>delicta</span> <span class='ocrx_word' id='word_1_191' title='bbox 1018 2591 1154 2669; x_wconf 85' lang='lat' dir='ltr'>illorum,</span> <span class='ocrx_word' id='word_1_192' title='bbox 1184 2611 1222 2656; x_wconf 93' lang='lat' dir='ltr'>ne</span> <span class='ocrx_word' id='word_1_193' title='bbox 1253 2592 1313 2656; x_wconf 92' lang='lat' dir='ltr'>ad-</span> 
     </span>
     <span class='ocr_line' id='line_1_22' title="bbox 179 2692 1315 2780; baseline 0 -20"><span class='ocrx_word' id='word_1_194' title='bbox 179 2694 580 2780; x_wconf 69' lang='lat' dir='ltr'>increscant2ignorantiae</span> <span class='ocrx_word' id='word_1_195' title='bbox 602 2713 694 2758; x_wconf 91' lang='lat' dir='ltr'>meae</span> <span class='ocrx_word' id='word_1_196' title='bbox 717 2695 749 2759; x_wconf 87' lang='lat' dir='ltr'>et</span> <span class='ocrx_word' id='word_1_197' title='bbox 769 2693 1022 2776; x_wconf 89' lang='lat' dir='ltr'>multiplicentur</span> <span class='ocrx_word' id='word_1_198' title='bbox 1046 2692 1164 2759; x_wconf 89' lang='lat' dir='ltr'>delicta</span> <span class='ocrx_word' id='word_1_199' title='bbox 1186 2713 1259 2760; x_wconf 90' lang='lat' dir='ltr'>mea</span> <span class='ocrx_word' id='word_1_200' title='bbox 1282 2697 1315 2761; x_wconf 90' lang='lat' dir='ltr'>ct</span> 
     </span>
     <span class='ocr_line' id='line_1_23' title="bbox 179 2797 1314 2882; baseline 0.001 -19"><span class='ocrx_word' id='word_1_201' title='bbox 179 2800 315 2882; x_wconf 89' lang='lat' dir='ltr'>peccata</span> <span class='ocrx_word' id='word_1_202' title='bbox 336 2817 409 2864; x_wconf 90' lang='lat' dir='ltr'>maa</span> <span class='ocrx_word' id='word_1_203' title='bbox 432 2797 593 2863; x_wconf 88' lang='lat' dir='ltr'>abundent</span> <span class='ocrx_word' id='word_1_204' title='bbox 616 2799 648 2863; x_wconf 90' lang='lat' dir='ltr'>et</span> <span class='ocrx_word' id='word_1_205' title='bbox 661 2797 801 2862; x_wconf 91' lang='lat' dir='ltr'>incidam</span> <span class='ocrx_word' id='word_1_206' title='bbox 822 2798 854 2861; x_wconf 93' lang='lat' dir='ltr'>in</span> <span class='ocrx_word' id='word_1_207' title='bbox 870 2797 1042 2880; x_wconf 91' lang='lat' dir='ltr'>conspecto</span> <span class='ocrx_word' id='word_1_208' title='bbox 1060 2797 1314 2864; x_wconf 87' lang='lat' dir='ltr'>aduersariorum</span> 
     </span>
    </p>
   </div>
   <div class='ocr_carea' id='block_1_3' title="bbox 182 2891 1434 2987">
    <p class='ocr_par' dir='ltr' id='par_1_3' title="bbox 182 2891 1434 2987">
     <span class='ocr_line' id='line_1_24' title="bbox 182 2891 1434 2987; baseline 0 -20"><span class='ocrx_word' id='word_1_209' title='bbox 182 2891 215 2968; x_wconf 85' lang='lat' dir='ltr'>et</span> <span class='ocrx_word' id='word_1_210' title='bbox 236 2902 378 2987; x_wconf 88' lang='lat' dir='ltr'>gaudeat</span> <span class='ocrx_word' id='word_1_211' title='bbox 397 2902 544 2967; x_wconf 90' lang='lat' dir='ltr'>inimicus</span> <span class='ocrx_word' id='word_1_212' title='bbox 565 2907 678 2966; x_wconf 83' lang='lat' dir='ltr'>meus?</span> <span class='ocrx_word' id='word_1_213' title='bbox 716 2901 841 2966; x_wconf 92' lang='lat' dir='ltr'>domine</span> <span class='ocrx_word' id='word_1_214' title='bbox 856 2903 948 2985; x_wconf 85' lang='lat' dir='ltr'>pater</span> <span class='ocrx_word' id='word_1_215' title='bbox 967 2902 999 2966; x_wconf 91' lang='lat' dir='ltr'>et</span> <span class='ocrx_word' id='word_1_216' title='bbox 1015 2903 1093 2967; x_wconf 93' lang='lat' dir='ltr'>deus</span> <span class='ocrx_word' id='word_1_217' title='bbox 1108 2902 1195 2966; x_wconf 87' lang='lat' dir='ltr'>uitae</span> <span class='ocrx_word' id='word_1_218' title='bbox 1211 2920 1312 2981; x_wconf 90' lang='lat' dir='ltr'>meae,</span> <span class='ocrx_word' id='word_1_219' title='bbox 1431 2925 1434 2932; x_wconf 92' lang='lat'>·</span> 
     </span>
    </p>
   </div>
   <div class='ocr_carea' id='block_1_4' title="bbox 283 3123 1134 3192">
    <p class='ocr_par' dir='ltr' id='par_1_4' title="bbox 283 3123 1134 3192">
     <span class='ocr_line' id='line_1_25' title="bbox 283 3123 1134 3192; baseline -0.001 -12"><span class='ocrx_word' id='word_1_220' title='bbox 283 3124 390 3181; x_wconf 77' lang='lat' dir='ltr'>eloecli</span> <span class='ocrx_word' id='word_1_221' title='bbox 415 3125 458 3190; x_wconf 85' lang='grc'>22,</span> <span class='ocrx_word' id='word_1_222' title='bbox 476 3123 580 3179; x_wconf 74' lang='grc'>25-27</span> <span class='ocrx_word' id='word_1_223' title='bbox 685 3125 719 3180; x_wconf 83' lang='grc'>14</span> <span class='ocrx_word' id='word_1_224' title='bbox 735 3123 771 3181; x_wconf 91' lang='lat' dir='ltr'>ib.</span> <span class='ocrx_word' id='word_1_225' title='bbox 790 3125 824 3180; x_wconf 88' lang='grc'>33</span> <span class='ocrx_word' id='word_1_226' title='bbox 843 3127 871 3180; x_wconf 87' lang='lat' dir='ltr'>et</span> <span class='ocrx_word' id='word_1_227' title='bbox 887 3125 966 3181; x_wconf 79' lang='lat' dir='ltr'>Eccli.</span> <span class='ocrx_word' id='word_1_228' title='bbox 986 3126 1028 3192; x_wconf 85' lang='grc'>23,</span> <span class='ocrx_word' id='word_1_229' title='bbox 1051 3127 1134 3180; x_wconf 88' lang='grc'>1-14</span> 
     </span>
    </p>
   </div>
   <div class='ocr_carea' id='block_1_5' title="bbox 176 3313 1314 4332">
    <p class='ocr_par' dir='ltr' id='par_1_5' title="bbox 176 3313 1314 4332">
     <span class='ocr_line' id='line_1_26' title="bbox 235 3313 1240 3386; baseline 0 -16"><span class='ocrx_word' id='word_1_230' title='bbox 235 3319 248 3370; x_wconf 91' lang='grc'>1</span> <span class='ocrx_word' id='word_1_231' title='bbox 268 3315 435 3384; x_wconf 75' lang='lat' dir='ltr'>conglurmda</span> <span class='ocrx_word' id='word_1_232' title='bbox 453 3313 573 3369; x_wconf 80' lang='lat' dir='ltr'><strong><em>MP&#39;OS</em></strong></span> <span class='ocrx_word' id='word_1_233' title='bbox 661 3313 679 3366; x_wconf 86' lang='grc'><strong>3</strong></span> <span class='ocrx_word' id='word_1_234' title='bbox 697 3315 750 3384; x_wconf 87' lang='lat' dir='ltr'>qui]</span> <span class='ocrx_word' id='word_1_235' title='bbox 769 3330 828 3368; x_wconf 88' lang='lat' dir='ltr'>cam</span> <span class='ocrx_word' id='word_1_236' title='bbox 845 3313 991 3369; x_wconf 76' lang='lat' dir='ltr'>domitente</span> <span class='ocrx_word' id='word_1_237' title='bbox 1009 3315 1124 3384; x_wconf 87' lang='lat' dir='ltr'>loquitur</span> <span class='ocrx_word' id='word_1_238' title='bbox 1142 3315 1186 3386; x_wconf 88' lang='lat' dir='ltr'>qui</span> <span class='ocrx_word' id='word_1_239' title='bbox 1205 3333 1240 3370; x_wconf 85' lang='lat' dir='ltr'>ov</span> 
     </span>
     <span class='ocr_line' id='line_1_27' title="bbox 179 3399 1311 3472; baseline -0.002 -16"><span class='ocrx_word' id='word_1_240' title='bbox 179 3405 305 3472; x_wconf 74' lang='lat' dir='ltr'>onumen]</span> <span class='ocrx_word' id='word_1_241' title='bbox 323 3403 415 3455; x_wconf 89' lang='lat' dir='ltr'>narrat</span> <span class='ocrx_word' id='word_1_242' title='bbox 431 3417 459 3465; x_wconf 89' lang='lat' dir='ltr'>o,</span> <span class='ocrx_word' id='word_1_243' title='bbox 479 3401 584 3453; x_wconf 90' lang='lat' dir='ltr'>enarrat</span> <span class='ocrx_word' id='word_1_244' title='bbox 602 3417 619 3455; x_wconf 88' lang='lat' dir='ltr'>o</span> <span class='ocrx_word' id='word_1_245' title='bbox 686 3399 770 3454; x_wconf 79' lang='lat' dir='ltr'>linem</span> <span class='ocrx_word' id='word_1_246' title='bbox 787 3401 815 3456; x_wconf 83' lang='lat' dir='ltr'>Ii</span> <span class='ocrx_word' id='word_1_247' title='bbox 884 3401 951 3470; x_wconf 85' lang='lat' dir='ltr'>quis]</span> <span class='ocrx_word' id='word_1_248' title='bbox 970 3416 1014 3470; x_wconf 88' lang='lat' dir='ltr'>qm</span> <span class='ocrx_word' id='word_1_249' title='bbox 1032 3401 1104 3455; x_wconf 79' lang='grc' dir='ltr'>ΜΡι</span> <span class='ocrx_word' id='word_1_250' title='bbox 1176 3399 1311 3456; x_wconf 80' lang='lat' dir='ltr'>ldefrcrr</span> 
     </span>
     <span class='ocr_line' id='line_1_28' title="bbox 179 3485 1314 3556; baseline -0.004 -12"><span class='ocrx_word' id='word_1_251' title='bbox 179 3489 224 3544; x_wconf 72' lang='lat' dir='ltr'>oo</span> <span class='ocrx_word' id='word_1_252' title='bbox 243 3487 313 3544; x_wconf 85' lang='lat' dir='ltr'>GRc</span> <span class='ocrx_word' id='word_1_253' title='bbox 392 3488 429 3556; x_wconf 86' lang='lat' dir='ltr'>et]</span> <span class='ocrx_word' id='word_1_254' title='bbox 448 3494 485 3541; x_wconf 73' lang='lat' dir='ltr'>u‘r</span> <span class='ocrx_word' id='word_1_255' title='bbox 502 3485 563 3540; x_wconf 79' lang='grc' dir='ltr'>ΜΟ</span> <span class='ocrx_word' id='word_1_256' title='bbox 633 3487 737 3540; x_wconf 71' lang='lat' dir='ltr'>wia:</span> <span class='ocrx_word' id='word_1_257' title='bbox 753 3486 798 3540; x_wconf 83' lang='lat' dir='ltr'>lux</span> <span class='ocrx_word' id='word_1_258' title='bbox 814 3515 850 3528; x_wconf 84' lang='lat'>·-</span> <span class='ocrx_word' id='word_1_259' title='bbox 866 3515 901 3527; x_wconf 87' lang='lat'><em>-</em></span> <span class='ocrx_word' id='word_1_260' title='bbox 919 3487 989 3540; x_wconf 85' lang='lat' dir='ltr'>enim</span> <span class='ocrx_word' id='word_1_261' title='bbox 1007 3503 1056 3541; x_wconf 82' lang='lat' dir='ltr'>om.</span> <span class='ocrx_word' id='word_1_262' title='bbox 1076 3488 1113 3541; x_wconf 76' lang='lat'>1³¹</span> <span class='ocrx_word' id='word_1_263' title='bbox 1192 3487 1314 3540; x_wconf 82' lang='lat' dir='ltr'>5lenlut</span> 
     </span>
     <span class='ocr_line' id='line_1_29' title="bbox 179 3570 1311 3642; baseline -0.002 -13"><span class='ocrx_word' id='word_1_264' title='bbox 179 3580 237 3630; x_wconf 80' lang='lat' dir='ltr'>erus</span> <span class='ocrx_word' id='word_1_265' title='bbox 252 3575 299 3639; x_wconf 89' lang='lat' dir='ltr'>P¹‚</span> <span class='ocrx_word' id='word_1_266' title='bbox 317 3574 343 3628; x_wconf 92' lang='lat' dir='ltr'>ei</span> <span class='ocrx_word' id='word_1_267' title='bbox 360 3579 447 3627; x_wconf 80' lang='lat' dir='ltr'>lenius</span> <span class='ocrx_word' id='word_1_268' title='bbox 464 3590 484 3627; x_wconf 84' lang='lat' dir='ltr'>a</span> <span class='ocrx_word' id='word_1_269' title='bbox 578 3573 593 3624; x_wconf 82' lang='lat' dir='ltr'>‘l</span> <span class='ocrx_word' id='word_1_270' title='bbox 610 3578 728 3626; x_wconf 82' lang='lat' dir='ltr'>mortuns</span> <span class='ocrx_word' id='word_1_271' title='bbox 742 3572 781 3625; x_wconf 82' lang='lat' dir='ltr'><em>M</em></span> <span class='ocrx_word' id='word_1_272' title='bbox 873 3572 947 3642; x_wconf 89' lang='lat' dir='ltr'>impii</span> <span class='ocrx_word' id='word_1_273' title='bbox 964 3588 988 3628; x_wconf 91' lang='lat' dir='ltr'>o.</span> <span class='ocrx_word' id='word_1_274' title='bbox 1007 3570 1032 3627; x_wconf 90' lang='lat' dir='ltr'>d.</span> <span class='ocrx_word' id='word_1_275' title='bbox 1051 3587 1130 3626; x_wconf 85' lang='lat' dir='ltr'>mrae</span> <span class='ocrx_word' id='word_1_276' title='bbox 1147 3573 1180 3626; x_wconf 73' lang='lat' dir='ltr'>ia</span> <span class='ocrx_word' id='word_1_277' title='bbox 1197 3589 1254 3626; x_wconf 86' lang='lat' dir='ltr'>rae.</span> <span class='ocrx_word' id='word_1_278' title='bbox 1274 3572 1311 3627; x_wconf 86' lang='lat' dir='ltr'>ol.</span> 
     </span>
     <span class='ocr_line' id='line_1_30' title="bbox 180 3656 1246 3728; baseline -0.004 -12"><span class='ocrx_word' id='word_1_279' title='bbox 180 3680 215 3716; x_wconf 81' lang='lat' dir='ltr'>m.</span> <span class='ocrx_word' id='word_1_280' title='bbox 233 3662 261 3715; x_wconf 93' lang='lat' dir='ltr'><strong><em>P</em></strong></span> <span class='ocrx_word' id='word_1_281' title='bbox 327 3660 358 3727; x_wconf 76' lang='lat' dir='ltr'>l3</span> <span class='ocrx_word' id='word_1_282' title='bbox 373 3658 449 3713; x_wconf 84' lang='lat' dir='ltr'>XXII</span> <span class='ocrx_word' id='word_1_283' title='bbox 466 3659 509 3728; x_wconf 74' lang='lat' dir='ltr'>P,</span> <span class='ocrx_word' id='word_1_284' title='bbox 527 3657 630 3728; x_wconf 69' lang='lat' dir='ltr'>ssiquos</span> <span class='ocrx_word' id='word_1_285' title='bbox 648 3675 667 3711; x_wconf 88' lang='lat' dir='ltr'>o</span> <span class='ocrx_word' id='word_1_286' title='bbox 747 3657 837 3727; x_wconf 89' lang='lat' dir='ltr'>laprde</span> <span class='ocrx_word' id='word_1_287' title='bbox 856 3657 916 3712; x_wconf 79' lang='lat' dir='ltr'>Mc</span> <span class='ocrx_word' id='word_1_288' title='bbox 995 3659 1011 3712; x_wconf 82' lang='lat'>9</span> <span class='ocrx_word' id='word_1_289' title='bbox 1029 3656 1131 3712; x_wconf 75' lang='lat' dir='ltr'>decue</span> <span class='ocrx_word' id='word_1_290' title='bbox 1148 3657 1246 3712; x_wconf 82' lang='lat' dir='ltr'><strong><em>MP¹0</em></strong></span> 
     </span>
     <span class='ocr_line' id='line_1_31' title="bbox 176 3741 1312 3812; baseline -0.005 -10"><span class='ocrx_word' id='word_1_291' title='bbox 176 3741 316 3802; x_wconf 74' lang='lat' dir='ltr'>confimat</span> <span class='ocrx_word' id='word_1_292' title='bbox 332 3747 377 3810; x_wconf 90' lang='grc' dir='ltr'>Μ,</span> <span class='ocrx_word' id='word_1_293' title='bbox 395 3745 559 3802; x_wconf 73' lang='lat' dir='ltr'>contuetur</span> <span class='ocrx_word' id='word_1_294' title='bbox 576 3746 609 3800; x_wconf 86' lang='lat' dir='ltr'>P·</span> <span class='ocrx_word' id='word_1_295' title='bbox 706 3743 825 3800; x_wconf 79' lang='lat' dir='ltr'>uuolua</span> <span class='ocrx_word' id='word_1_296' title='bbox 844 3746 883 3801; x_wconf 76' lang='lat' dir='ltr'>So</span> <span class='ocrx_word' id='word_1_297' title='bbox 982 3745 1016 3799; x_wconf 87' lang='grc'>10</span> <span class='ocrx_word' id='word_1_298' title='bbox 1034 3744 1156 3812; x_wconf 85' lang='lat' dir='ltr'>amicum]</span> <span class='ocrx_word' id='word_1_299' title='bbox 1175 3759 1312 3798; x_wconf 76' lang='lat' dir='ltr'>immicum</span> 
     </span>
     <span class='ocr_line' id='line_1_32' title="bbox 180 3828 1312 3897; baseline -0.005 -9"><span class='ocrx_word' id='word_1_300' title='bbox 180 3834 217 3888; x_wconf 77' lang='grc' dir='ltr'>Ρ·</span> <span class='ocrx_word' id='word_1_301' title='bbox 322 3832 352 3886; x_wconf 89' lang='grc'>11</span> <span class='ocrx_word' id='word_1_302' title='bbox 377 3829 709 3893; x_wconf 70' lang='lat' dir='ltr'>admemordit,</span> <span class='ocrx_word' id='word_1_303' title='bbox 736 3829 772 3883; x_wconf 85' lang='lat' dir='ltr'>ad</span> <span class='ocrx_word' id='word_1_304' title='bbox 796 3837 896 3885; x_wconf 87' lang='lat' dir='ltr'>amrcu·</span> <span class='ocrx_word' id='word_1_305' title='bbox 964 3830 988 3884; x_wconf 80' lang='lat' dir='ltr'><em>S</em></span> <span class='ocrx_word' id='word_1_306' title='bbox 1104 3843 1244 3897; x_wconf 72' lang='lat' dir='ltr'>spernent</span> <span class='ocrx_word' id='word_1_307' title='bbox 1266 3828 1312 3892; x_wconf 78' lang='grc' dir='ltr'>Ρ,</span> 
     </span>
     <span class='ocr_line' id='line_1_33' title="bbox 178 3913 1310 3989; baseline -0.005 -15"><span class='ocrx_word' id='word_1_308' title='bbox 178 3920 314 3989; x_wconf 88' lang='lat' dir='ltr'>aperueris</span> <span class='ocrx_word' id='word_1_309' title='bbox 335 3935 353 3972; x_wconf 89' lang='lat' dir='ltr'>o</span> <span class='ocrx_word' id='word_1_310' title='bbox 454 3920 517 3988; x_wconf 85' lang='lat' dir='ltr'>non]</span> <span class='ocrx_word' id='word_1_311' title='bbox 540 3934 575 3973; x_wconf 90' lang='lat' dir='ltr'>ne</span> <span class='ocrx_word' id='word_1_312' title='bbox 600 3919 628 3973; x_wconf 85' lang='lat' dir='ltr'><strong><em>B</em></strong></span> <span class='ocrx_word' id='word_1_313' title='bbox 738 3915 771 3970; x_wconf 89' lang='grc'>13</span> <span class='ocrx_word' id='word_1_314' title='bbox 792 3922 909 3970; x_wconf 81' lang='lat' dir='ltr'>milrem</span> <span class='ocrx_word' id='word_1_315' title='bbox 931 3915 1066 3970; x_wconf 82' lang='lat' dir='ltr'><strong><em>MPORS</em></strong></span> <span class='ocrx_word' id='word_1_316' title='bbox 1174 3913 1310 3968; x_wconf 87' lang='lat' dir='ltr'>reuelarro</span> 
     </span>
     <span class='ocr_line' id='line_1_34' title="bbox 181 3999 1313 4070; baseline -0.006 -11"><span class='ocrx_word' id='word_1_317' title='bbox 181 4005 288 4061; x_wconf 76' lang='lat' dir='ltr'><strong><em>MPGS</em></strong></span> <span class='ocrx_word' id='word_1_318' title='bbox 370 4019 399 4058; x_wconf 90' lang='lat' dir='ltr'>m</span> <span class='ocrx_word' id='word_1_319' title='bbox 417 4004 540 4059; x_wconf 77' lang='lat' dir='ltr'>omnibus</span> <span class='ocrx_word' id='word_1_320' title='bbox 553 4003 606 4058; x_wconf 84' lang='lat' dir='ltr'>lml</span> <span class='ocrx_word' id='word_1_321' title='bbox 620 4003 648 4056; x_wconf 88' lang='lat' dir='ltr'><strong><em>P</em></strong></span> <span class='ocrx_word' id='word_1_322' title='bbox 732 4001 882 4070; x_wconf 76' lang='lat' dir='ltr'>renone]</span> <span class='ocrx_word' id='word_1_323' title='bbox 901 4005 1003 4054; x_wconf 89' lang='lat' dir='ltr'>utnon</span> <span class='ocrx_word' id='word_1_324' title='bbox 1021 4017 1056 4055; x_wconf 86' lang='lat' dir='ltr'>oe</span> <span class='ocrx_word' id='word_1_325' title='bbox 1147 3999 1313 4068; x_wconf 76' lang='lat' dir='ltr'>17non1ne</span> 
     </span>
     <span class='ocr_line' id='line_1_35' title="bbox 180 4086 1243 4160; baseline -0.009 -12"><span class='ocrx_word' id='word_1_326' title='bbox 180 4092 209 4148; x_wconf 86' lang='lat' dir='ltr'><em>R</em></span> <span class='ocrx_word' id='word_1_327' title='bbox 294 4089 460 4160; x_wconf 78' lang='lat' dir='ltr'>derelinquat</span> <span class='ocrx_word' id='word_1_328' title='bbox 475 4088 536 4145; x_wconf 71' lang='lat'>1³¹0</span> <span class='ocrx_word' id='word_1_329' title='bbox 601 4093 671 4142; x_wconf 75' lang='lat' dir='ltr'>unet</span> <span class='ocrx_word' id='word_1_330' title='bbox 685 4088 723 4143; x_wconf 79' lang='grc' dir='ltr'>Ρι</span> <span class='ocrx_word' id='word_1_331' title='bbox 804 4086 837 4141; x_wconf 85' lang='grc'>18</span> <span class='ocrx_word' id='word_1_332' title='bbox 854 4091 983 4156; x_wconf 78' lang='lat' dir='ltr'>mppomr</span> <span class='ocrx_word' id='word_1_333' title='bbox 999 4087 1036 4151; x_wconf 80' lang='lat' dir='ltr'>a,</span> <span class='ocrx_word' id='word_1_334' title='bbox 1054 4087 1243 4154; x_wconf 74' lang='lat' dir='ltr'>superponeto</span> 
     </span>
     <span class='ocr_line' id='line_1_36' title="bbox 179 4171 1311 4246; baseline -0.006 -15"><span class='ocrx_word' id='word_1_335' title='bbox 179 4193 311 4246; x_wconf 78' lang='lat' dir='ltr'>cognato</span> <span class='ocrx_word' id='word_1_336' title='bbox 329 4177 401 4231; x_wconf 72' lang='grc' dir='ltr'>ΜΡ</span> <span class='ocrx_word' id='word_1_337' title='bbox 471 4176 503 4229; x_wconf 88' lang='grc'>19</span> <span class='ocrx_word' id='word_1_338' title='bbox 520 4176 560 4245; x_wconf 81' lang='lat' dir='ltr'>ue]</span> <span class='ocrx_word' id='word_1_339' title='bbox 578 4190 611 4228; x_wconf 80' lang='lat' dir='ltr'>er</span> <span class='ocrx_word' id='word_1_340' title='bbox 630 4174 667 4229; x_wconf 81' lang='lat' dir='ltr'>P¹</span> <span class='ocrx_word' id='word_1_341' title='bbox 735 4173 770 4229; x_wconf 76' lang='lat'>20</span> <span class='ocrx_word' id='word_1_342' title='bbox 793 4187 908 4241; x_wconf 76' lang='lat' dir='ltr'>parcant</span> <span class='ocrx_word' id='word_1_343' title='bbox 927 4174 955 4227; x_wconf 93' lang='lat' dir='ltr'><strong><em>P</em></strong></span> <span class='ocrx_word' id='word_1_344' title='bbox 1020 4171 1176 4241; x_wconf 77' lang='lat' dir='ltr'>appareant]</span> <span class='ocrx_word' id='word_1_345' title='bbox 1194 4185 1311 4240; x_wconf 79' lang='lat' dir='ltr'>parcant</span> 
     </span>
     <span class='ocr_line' id='line_1_37' title="bbox 180 4245 1246 4332; baseline -0.006 -15"><span class='ocrx_word' id='word_1_346' title='bbox 180 4264 252 4328; x_wconf 81' lang='grc' dir='ltr'>ΜΡ,</span> <span class='ocrx_word' id='word_1_347' title='bbox 268 4277 371 4332; x_wconf 78' lang='lat' dir='ltr'>parunt</span> <span class='ocrx_word' id='word_1_348' title='bbox 390 4262 420 4331; x_wconf 85' lang='lat'>0,</span> <span class='ocrx_word' id='word_1_349' title='bbox 436 4277 553 4330; x_wconf 78' lang='lat' dir='ltr'>pareant</span> <span class='ocrx_word' id='word_1_350' title='bbox 572 4259 625 4316; x_wconf 81' lang='lat' dir='ltr'>RS</span> <span class='ocrx_word' id='word_1_351' title='bbox 712 4258 826 4329; x_wconf 90' lang='lat' dir='ltr'>illorum]</span> <span class='ocrx_word' id='word_1_352' title='bbox 845 4245 933 4312; x_wconf 81' lang='lat' dir='ltr'>eo&#39;rurn</span> <span class='ocrx_word' id='word_1_353' title='bbox 950 4259 994 4314; x_wconf 82' lang='lat' dir='ltr'>Ita</span> <span class='ocrx_word' id='word_1_354' title='bbox 1097 4257 1139 4326; x_wconf 91' lang='lat' dir='ltr'>ue]</span> <span class='ocrx_word' id='word_1_355' title='bbox 1158 4271 1191 4310; x_wconf 83' lang='lat' dir='ltr'>er</span> <span class='ocrx_word' id='word_1_356' title='bbox 1210 4257 1246 4311; x_wconf 81' lang='lat' dir='ltr'>P¹</span> 
     </span>
    </p>
   </div>
   <div class='ocr_carea' id='block_1_6' title="bbox 180 4339 1041 4421">
    <p class='ocr_par' dir='ltr' id='par_1_6' title="bbox 180 4339 1041 4421">
     <span class='ocr_line' id='line_1_38' title="bbox 180 4339 1041 4421; baseline -0.007 0"><span class='ocrx_word' id='word_1_357' title='bbox 180 4339 337 4421; x_wconf 56' lang='lat' dir='ltr'>adcrescant</span> <span class='ocrx_word' id='word_1_358' title='bbox 357 4365 395 4418; x_wconf 87' lang='lat' dir='ltr'><strong><em>M</em></strong></span> <span class='ocrx_word' id='word_1_359' title='bbox 461 4363 495 4417; x_wconf 88' lang='grc'>22</span> <span class='ocrx_word' id='word_1_360' title='bbox 512 4361 676 4417; x_wconf 75' lang='lat' dir='ltr'>habundant</span> <span class='ocrx_word' id='word_1_361' title='bbox 696 4363 732 4417; x_wconf 81' lang='grc' dir='ltr'>Ρ1</span> <span class='ocrx_word' id='word_1_362' title='bbox 804 4359 925 4416; x_wconf 74' lang='lat' dir='ltr'>incedam</span> <span class='ocrx_word' id='word_1_363' title='bbox 943 4359 1041 4416; x_wconf 82' lang='lat' dir='ltr'>MP¹0</span> 
     </span>
    </p>
   </div>
   <div class='ocr_carea' id='block_1_7' title="bbox 0 0 1585 4967">
    <p class='ocr_par' dir='ltr' id='par_1_7' title="bbox 0 0 1585 4967">
     <span class='ocr_line' id='line_1_39' title="bbox 0 0 1585 4967; baseline 0 0"><span class='ocrx_word' id='word_1_364' title='bbox 0 0 1585 4967; x_wconf 95' lang='lat' dir='ltr'> </span> 
     </span>
    </p>
   </div>
  </div>
 </body>
</html>
