3159 4967
294 434 356 503 578
519 434 565 487 De
583 431 712 487 diuidis
730 431 913 499 seripturis
931 430 1003 484 siue
1022 430 1201 499 Speculum.

295 626 340 687 sio
365 641 444 687 sese.
483 620 580 686 Item
602 620 708 685 illio:
730 620 799 687 Hoo
824 618 931 685 autem
948 618 1029 696 dieo,
1047 618 1169 695 fratres,
1189 617 1315 699 tempus
1329 617 1430 683 breue

296 727 361 791 est:
395 724 551 807 reliquum
586 725 644 802 est,
679 725 715 788 ut
737 724 770 787 et
792 722 846 806 qui
875 722 993 787 habent
1022 740 1135 787 uxores
1167 722 1331 804 tamquam
1367 740 1431 785 non

294 828 448 894 habentes
476 827 549 906 sint,
580 828 613 891 et
635 827 687 909 qui
709 826 786 891 flent
807 826 971 908 tamquam
994 844 1055 891 uon
1077 824 1189 891 dentes
1212 824 1285 902 siut,
1316 824 1349 889 et
1373 823 1430 906 qui

295 931 435 1014 gaudent
455 931 617 1012 tamquam
640 948 701 995 uon
724 929 901 1013 gaudentes
924 929 995 1007 sint,
1020 930 1052 994 et
1068 930 1121 1011 qui
1138 929 1246 995 emunt
1260 930 1429 1010 tamquam
1552 974 1553 981 1

295 1052 355 1099 uon
387 1033 595 1117 possidentes,
631 1033 663 1097 et
692 1032 746 1115 qui
777 1032 909 1097 utuntur
939 1034 997 1098 hoe
1027 1033 1144 1098 mundo
1174 1033 1338 1115 tamquam
1366 1050 1468 1097 nou:
1552 1022 1553 1031 ’

295 1138 440 1201 utantur:
463 1136 615 1220 praeterit
638 1136 720 1201 enim
743 1137 870 1201 habitus
899 1137 991 1202 huius
1014 1136 1133 1201 mundi.
1172 1136 1243 1201 uolo
1271 1154 1329 1200 uos
1359 1135 1429 1199 sine

295 1239 506 1305 solitoitudine
530 1258 609 1304 esse.
644 1238 697 1322 qui
721 1239 787 1303 sine
810 1258 905 1304 uxore
929 1240 978 1305 est
1000 1238 1155 1306 sollieitus
1184 1241 1233 1305 est
1260 1257 1341 1322 quae
1368 1236 1428 1301 do·

294 1343 370 1408 miui
398 1342 480 1421 sunt,
511 1340 667 1424 quomodo
694 1342 821 1425 placeat
850 1342 919 1408 deo.
954 1343 1007 1426 qui
1037 1344 1143 1408 autem
1166 1361 1295 1407 uxorem
1318 1342 1428 1410 hahet.
1553 1394 1554 1433 ,

295 1446 415 1529 cogitat
450 1464 532 1529 quas
569 1445 643 1509 suut
678 1444 771 1511 huius
807 1445 927 1524 muudi,
970 1446 1126 1528 quomodo
1163 1446 1291 1529 placeat
1328 1444 1428 1509 uxori.

295 1548 441 1631 separata
474 1550 523 1613 eat
554 1548 668 1613 multer
698 1549 730 1613 et
758 1548 858 1631 uIrgo.
893 1567 974 1631 quae
1004 1569 1064 1614 non
1089 1550 1138 1615 est
1167 1550 1274 1632 nupta,
1306 1550 1430 1632 cogitat
1444 1570 1465 1609 ιο

296 1670 376 1735 quae
400 1652 452 1717 dei
474 1653 556 1731 sunt,
581 1652 616 1717 ut
638 1652 681 1717 111
702 1654 813 1717 saneta
829 1654 861 1717 et
876 1670 1006 1735 corpore
1023 1654 1054 1717 ot
1070 1654 1189 1736 spIritu.
1222 1671 1303 1735 quae
1320 1654 1429 1717 autem

295 1757 393 1839 nupta
423 1756 481 1835 est,
513 1756 633 1839 cogitat
663 1773 743 1837 quae
767 1756 840 1820 sunt
862 1754 955 1820 huius
977 1756 1096 1834 mundi,
1121 1756 1277 1839 quomodo
1300 1754 1430 1839 placeat

294 1860 372 1924 uiro.
411 1860 511 1924 Item
531 1859 639 1923 illio:
662 1860 774 1942 Itaque
798 1860 831 1925 et
852 1860 905 1942 qui
928 1860 1059 1942 nuptum
1079 1860 1134 1925 dat
1156 1860 1313 1943 uirginem
1337 1878 1429 1924 suam

293 1964 374 2027 bene
407 1960 493 2039 feeit,
528 1963 561 2027 et
594 1962 647 2045 qui
677 1982 739 2028 non
769 1962 826 2028 dat
847 1964 961 2029 melius
995 1964 1079 2029 faett.
1126 1964 1223 2029 Item
1244 1964 1283 2028 in
1308 1980 1430 2028 euan-

295 2064 402 2147 gelio
431 2065 642 2130 seeundum
671 2066 929 2131 matthaeum:
964 2066 1042 2132 Diuo
1077 2067 1183 2131 autem
1216 2067 1317 2145 uobis,
1352 2068 1464 2149 quiae

296 2166 486 2249 quicumque
517 2167 671 2233 dimiserit
699 2188 829 2235 uxorem
861 2189 960 2249 suam,
992 2170 1123 2253 eroepta
1145 2188 1244 2235 eausa
1266 2170 1428 2247 adulterii,

244 2413 265 2452 α
296 2394 402 2453 homini
425 2394 467 2453 sic
489 2411 561 2453 esse.
605 2394 698 2453 Item
721 2412 798 2470 eap.
888 2396 978 2455 :Hoo
993 2398 1068 2457 emm
1083 2398 1153 2467 dieo,
1177 2398 1290 2468 iratres,
1314 2400 1428 2473 tempus

295 2480 379 2538 breue
413 2483 466 2551 eet,
500 2480 650 2554 reliquium
684 2483 730 2539 eet
760 2499 874 2556 usque
908 2483 1044 2557 quomodo
1077 2484 1187 2559 placeat
1220 2485 1290 2541 uiro.
1335 2484 1428 2543 Item

296 2582 370 2640 oap.
470 2585 478 2623 :
508 2566 563 2637 Qui
585 2566 762 2626 matrImonIo
784 2568 881 2641 IungIt
902 2568 1043 2643 uirginem
1066 2586 1146 2629 suam
1168 2570 1238 2629 bene
1260 2570 1339 2628 facit.
1385 2570 1428 2628 In

295 2650 491 2726 euangelio
513 2652 703 2711 seeundum
724 2654 901 2713 matheum
925 2670 997 2729 sap.
1098 2674 1104 2712 :
1132 2655 1203 2713 Dioo
1227 2657 1319 2714 autom
1342 2656 1461 2713 uobisu

243 2897 266 2954 μ
294 2874 398 2931 bonum
425 2876 471 2934 est
497 2874 603 2932 homiui
632 2875 674 2934 sie
696 2892 769 2933 esse.
814 2876 902 2934 Item
924 2874 1004 2935 illie
1027 2893 1099 2951 eap.
1123 2876 1206 2937 VIII:
1239 2877 1301 2937 Hoc
1329 2880 1427 2953 itaque

294 2958 365 3028 diro,
400 2958 511 3029 Iratres,
545 2962 658 3034 tompus
690 2962 775 3019 breue
805 2962 858 3029 est,
892 2961 1029 3035 reliquum
1059 2964 1240 3036 estusque
1262 2980 1336 3037 quae
1358 2968 1428 3023 eunt

294 3044 400 3115 mundi,
431 3045 567 3119 quomodo
595 3046 706 3120 plaoeat
733 3046 805 3105 uIro.
849 3046 939 3105 Item
961 3047 1042 3107 illie
1065 3064 1137 3122 cap.
1162 3048 1246 3109 VIII:
1280 3049 1374 3123 IgItur
1398 3052 1427 3107 et

295 3128 344 3201 qui
365 3130 542 3189 matrimonio
564 3131 660 3205 iungit
680 3131 822 3205 uIrginem
844 3149 924 3191 suam
946 3133 1017 3191 bene
1039 3133 1109 3193 fauit
1131 3135 1159 3192 et
1181 3134 1229 3208 qui
1251 3150 1307 3194 non
1329 3134 1427 3207 iungit

295 3213 394 3275 melius
428 3216 506 3276 fauit.
553 3216 752 3276 Secundum
773 3218 951 3277 matheum
974 3234 1047 3293 oap.
1071 3218 1193 3279 XVIIII:
1225 3220 1295 3279 Diuo
1329 3224 1462 3279 autema:

399 3432 412 3486 1
425 3429 440 3484 I
451 3431 509 3487 Cor.
523 3433 547 3495 7,
560 3433 663 3486 29-14
737 3433 818 3489 1311).
832 3434 865 3489 38
936 3435 968 3489 15
981 3434 1077 3490 Matth.
1090 3436 1114 3501 5,
1128 3434 1162 3489 32
1174 3438 1202 3490 et
1215 3437 1257 3499 19,
1270 3436 1355 3489 9-12

348 3636 675 3692 IItem-Hoe-uIro
693 3638 760 3693 Item
778 3655 829 3695 om.
853 3642 878 3695 V
977 3639 1022 3693 ubi
1041 3657 1118 3709 supra
1136 3640 1226 3697 MLO
1327 3641 1427 3695 breuae

296 3724 333 3777 Μ
434 3723 673 3779 4111111111.Μῦ
775 3724 917 3779 thabitus
936 3725 969 3781 S:
999 3726 1083 3795 figura
1101 3727 1205 3782 MLt'o
1303 3728 1427 3783 saeua

296 3809 340 3878 qui
357 3808 414 3862 siue
432 3824 510 3863 uxore
527 3811 569 3863 est
586 3809 715 3864 sollioItus
733 3815 775 3865 est
797 3827 847 3865 om.
871 3812 894 3865 S
993 3810 1010 3865 8
1034 3811 1163 3881 quomode
1181 3813 1286 3883 placeat
1304 3813 1353 3868 deo
1372 3829 1425 3869 oar.

296 3894 381 3949 MLO
485 3895 516 3949 10
539 3899 663 3965 separata
686 3896 719 3951 S:
749 3896 835 3951 diuisa
858 3898 947 3953 MLO
968 3897 1079 3969 (diuisus
1096 3916 1126 3963 o,
1150 3900 1199 3953 aed
1218 3900 1301 3954 aliter
1320 3900 1427 3955 dietin-

294 3981 401 4051 quitur)
506 3996 572 4051 quae
594 3981 706 4051 innupta
730 3985 770 4036 ast
797 3982 883 4037 Meo
908 3982 1029 4049 (iunubta
1052 3982 1098 4047 Mi
1199 3983 1230 4037 11
1256 3988 1283 4039 11
1302 4000 1347 4055 pr.
1372 4000 1427 4041 osu·

295 4084 382 4139 orso
482 4083 567 4137 nubta
583 4084 619 4138 m
727 4085 760 4138 13
777 4084 842 4154 uuo]
859 4083 905 4138 uui
923 4100 1003 4153 supra
1019 4086 1113 4156 urvo,
1139 4086 1167 4139 in
1186 4074 1236 4157 eu}
1254 4075 1311 4141 mat
1329 4089 1356 4143 ι

295 4169 402 4237 Itaquse
430 4169 453 4225 S
558 4169 648 4239 itaque
675 4173 703 4225 et
729 4187 779 4225 om.
808 4170 921 4225 MVLO
1028 4171 1076 4226 dat
1101 4174 1211 4241 nuptum
1238 4174 1271 4228 Μ
1278 4174 1356 4232 VLO

297 4271 330 4325 14
353 4261 422 4341 eeu}
445 4273 469 4328 S
567 4290 618 4329 om.
637 4275 702 4329 item
719 4275 748 4328 in
765 4290 806 4329 eu„
829 4276 853 4329 V
955 4275 1151 4331 lemotham
1170 4276 1193 4333 S
1296 4278 1425 4334 161111-

295 4357 357 4411 terii
375 4358 407 4413 S:
435 4358 617 4413 formoatiouia
635 4360 755 4428 MVLG,
778 4362 815 4428 of.
834 4379 850 4416 a
868 4359 972 4417 Mauo.
993 4365 1017 4430 5,
1035 4366 1073 4415 32
