3159 4967
285 458 349 524 380
507 458 552 513 De
572 458 699 513 diuinis
717 461 901 529 seripturis
919 461 991 515 aiae
1008 462 1190 530 Speculum.

789 684 903 769 UH

385 864 616 907 auxumam
642 864 758 907 mm
779 864 865 917 Qvon
887 866 921 907 nt
943 866 1093 907 mmm
1113 864 1312 918 mmmm.

330 978 371 1042 In
393 976 547 1060 genesi:
572 976 725 1041 videntes
748 978 856 1042 autem
878 978 991 1042 fratres
1013 978 1122 1060 ioseph
1144 978 1229 1061 quod
1245 976 1416 1043 sennenn

288 1082 372 1147 esset
400 1082 489 1164 pater
513 1081 654 1163 ipsorum
678 1081 839 1146 dixerant:
863 1100 902 1146 ne
924 1081 1004 1147 forte
1026 1082 1249 1147 reminiscatur
1269 1082 1415 1148 malitiae

286 1185 411 1250 nostrae
441 1185 550 1267 ioseph
579 1184 611 1249 et
636 1183 814 1250 redditione
837 1182 952 1249 reddat
974 1184 1063 1251 nobis
1086 1186 1190 1251 omnia
1211 1185 1307 1263 mala,
1332 1204 1417 1268 quae
1443 1205 1459 1247 e

287 1286 481 1353 ostendimus
512 1288 550 1352 ei.
589 1287 622 1351 et
648 1287 803 1351 uenerunt
830 1286 871 1351 ad
899 1288 1009 1370 ioseph
1039 1288 1197 1354 dieentes:
1227 1290 1317 1372 pater
1338 1289 1416 1353 tuus

288 1390 446 1455 adiurauit
472 1409 528 1456 nos
557 1390 644 1473 prins
673 1408 767 1473 qnam
796 1392 974 1455 moreretur
1001 1390 1125 1456 dicens:
1161 1391 1257 1457 dieite
1285 1390 1416 1475 ioseph:

287 1494 411 1560 dimitte
435 1494 479 1559 eis
501 1492 701 1576 iniquitatem
725 1494 757 1559 et
778 1494 956 1576 peecatum,
981 1494 1055 1576 quia
1075 1492 1215 1577 maligna
1229 1494 1289 1560 tibi
1308 1496 1416 1561 osten·

287 1597 409 1663 derunt.
449 1598 481 1662 et
507 1616 588 1662 nune
619 1616 708 1662 sume
737 1597 938 1681 iniquitatem
967 1615 1130 1662 seruorum
1158 1597 1258 1681 patris
1284 1597 1343 1662 tui.
1383 1600 1418 1663 et

285 1699 423 1783 plorauit
450 1700 560 1783 ioseph
588 1700 790 1785 loquentibus
818 1702 863 1766 eis
887 1700 927 1765 ad
951 1720 995 1766 se.
1034 1701 1067 1765 et
1087 1702 1252 1766 uenientes
1275 1700 1318 1766 ad
1341 1720 1417 1766 eum
1431 1729 1456 1767 ιο
1576 1719 1577 1790 3

287 1804 449 1871 dixerunt:
481 1822 555 1869 eeoe
585 1823 641 1871 nos
670 1804 782 1869 famuli
810 1805 859 1870 tui
889 1824 1007 1871 sumus.
1047 1804 1079 1869 et
1110 1803 1189 1868 dixit
1219 1804 1264 1870 eis
1285 1804 1417 1887 ioseph:

286 1907 383 1971 nolite
405 1908 533 1972 timere:
558 1906 609 1973 dei
633 1909 715 1973 enIm
738 1927 808 1973 sum
832 1926 905 1991 ego:
930 1927 987 1974 uos
1009 1907 1175 1990 oogIIastis
1193 1906 1349 1973 aduersus
1363 1928 1418 1973 me

286 2010 381 2087 mala,
406 2009 484 2075 deus
500 2010 606 2075 autem
622 2012 776 2095 cogitauit
792 2010 831 2077 de
846 2031 898 2077 me
913 2012 995 2077 bona
1010 2010 1275 2093 quemadmodum
1289 2010 1417 2086 fierent,

286 2112 370 2177 sieut
391 2112 495 2191 hodie,
519 2113 554 2179 ut
575 2115 759 2197 pasceretur
780 2114 915 2197 populus
929 2112 1058 2178 multus.
1094 2114 1127 2177 et
1144 2114 1222 2182 dixit
1236 2112 1299 2178 eis:
1316 2112 1418 2178 neliIe

286 2214 409 2293 timere,
433 2233 491 2298 ego
514 2234 643 2298 pascam
666 2236 723 2283 uos
747 2217 780 2282 et
803 2216 912 2283 domos
934 2218 1068 2283 uestras.
1104 2216 1136 2281 et
1149 2214 1276 2298 rogauit
1299 2234 1367 2293 eos,
1385 2217 1419 2280 et
1433 2240 1459 2281 ιε

286 2317 411 2384 loeutus
428 2318 522 2383 estin
538 2320 633 2385 eorde
650 2338 767 2386 eorum.
798 2321 900 2385 Item
916 2322 953 2385 in
970 2318 1183 2403 euangelio
1199 2318 1419 2383 seeundum

286 2422 545 2486 matthaeum:
569 2422 715 2487 Aeoessit
737 2422 777 2488 ad
800 2423 902 2487 iesum
924 2423 1042 2506 petrus,
1066 2423 1099 2488 et
1122 2422 1168 2488 ait
1188 2422 1251 2488 illi:
1276 2422 1417 2500 domine,

329 2648 414 2707 XVII.
439 2670 671 2713 munumentum
694 2672 809 2713 ussum
831 2670 915 2723 oven
937 2672 971 2711 m
994 2672 1117 2713 sennes
1138 2670 1337 2722 pannorum.
1374 2650 1418 2709 In

287 2734 417 2807 genesi
440 2753 514 2811 oap.
536 2736 577 2795 L:
611 2738 746 2797 videntes
770 2738 864 2796 autem
886 2736 988 2795 fratres
1010 2737 1107 2811 ioseph
1131 2753 1242 2810 usque
1263 2737 1292 2793 et
1314 2736 1418 2809 loquu-

285 2820 333 2878 tus
363 2820 407 2878 est
434 2820 464 2880 in
486 2822 568 2880 eorde
595 2839 698 2881 eorum.
743 2822 781 2880 In
815 2822 957 2882 matheo
991 2839 1062 2896 oap.
1086 2822 1192 2880 LXIII:
1227 2821 1357 2880 Accessit
1380 2820 1459 2880 adso

285 2905 396 2964 hiesum
431 2910 528 2980 petrus
565 2925 679 2981 usque
716 2908 881 2981 septuagies
918 2908 1033 2982 septies.
1078 2908 1165 2966 Item
1199 2922 1273 2981 eap.
1306 2905 1418 2965 LXIII:

328 3130 420 3191 XVII.
455 3148 687 3193 annorn'ranrnvns
717 3148 832 3189 sunum
861 3147 946 3199 oven
974 3148 1009 3188 m
1038 3147 1187 3188 mmm
1211 3144 1417 3198 nnmovxrnxn.

285 3218 325 3275 In
354 3217 480 3290 genesi
504 3233 577 3290 oap.
602 3214 767 3273 XXXVIII:
802 3214 946 3273 TImentes
979 3214 1080 3271 iratres
1113 3212 1222 3287 ioseph,
1255 3213 1285 3271 et
1315 3212 1418 3270 mutuo

285 3301 484 3376 oonloquentes
514 3318 623 3375 usque
653 3302 682 3361 et
707 3300 808 3359 blande
836 3317 871 3358 ae
896 3300 997 3360 leniter
1024 3300 1069 3357 est
1089 3298 1231 3371 loquutus.
1274 3296 1315 3356 In
1348 3314 1417 3355 ma-

286 3390 367 3447 thee
390 3404 461 3463 oap.
479 3386 595 3445 XVIII:
625 3386 705 3445 'Iunc
728 3384 862 3447 attedeus
885 3388 982 3461 petrus
1005 3384 1042 3443 ad
1063 3384 1155 3443 iesum
1176 3383 1262 3443 dixit:
1291 3382 1459 3452 dominans

287 3473 397 3548 quoties
425 3474 555 3549 peccabit
584 3488 696 3546 usque
728 3471 891 3547 septuagies
925 3470 1040 3545 septies.
1083 3468 1171 3528 Item
1203 3470 1241 3528 in
1272 3469 1418 3527 matheo

388 3674 1104 3747 awwfflpmmmm

337 3873 488 3946 dfratrem]
507 3874 589 3929 fratm
607 3874 721 3931 ΜΗΘ
822 3872 839 3927 3
861 3873 934 3942 iosep
952 3872 978 3926 L
1081 3873 1144 3926 bet
1162 3875 1192 3940 (a.
1211 3872 1227 3926 I.
1247 3871 1315 3925 odd.
1332 3872 1418 3938 Μ

291 3964 317 4017 V
405 3960 553 4017 reddItione
571 3959 675 4029 reddat]
693 3958 825 4014 retribuat
842 3957 959 4013 ΜΗΘ
1051 3959 1200 4011 'imeretur
1217 3957 1246 4020 S,
1276 3956 1419 4010 montetur

287 4050 325 4103 Μ
424 4049 441 4103 8
464 4046 610 4118 peecatum]
629 4062 718 4101 eorum
736 4045 804 4100 add,
823 4044 938 4099 ΜΗΘ
1038 4046 1055 4099 9
1078 4044 1160 4112 sume]
1178 4042 1335 4097 oblinisoere
1354 4042 1422 4096 MV

287 4134 338 4189 Lo
437 4133 522 4203 petrin
544 4133 593 4201 tui]
618 4134 721 4185 tuorum
744 4130 862 4185 ΜΗΘ
964 4129 997 4183 10
1019 4130 1108 4185 uerba
1131 4131 1159 4181 et
1180 4128 1319 4181 dementes
1335 4156 1370 4165 -
1382 4155 1417 4165 ·—

288 4235 375 4274 sumus
402 4236 451 4275 om.
481 4218 593 4273 ΜΗΘ
696 4216 727 4270 11
756 4216 794 4269 eis
822 4219 883 4279 (om.
902 4214 1004 4284 ioseph)
1030 4215 1055 4270 V
1155 4211 1187 4267 12
1214 4212 1327 4266 aduerat
1354 4212 1422 4265 MV

288 4305 343 4360 LO
426 4306 476 4375 me]
494 4304 595 4359 meaS
678 4303 711 4357 18
730 4308 779 4371 qne
796 4300 918 4356 ammodd
936 4301 974 4354 Μ
1058 4302 1134 4355 fieret
1148 4300 1184 4355 V‘
1270 4299 1304 4352 14
1319 4296 1419 4367 pascet

292 4392 328 4447 V¹
430 4391 462 4444 16
480 4388 638 4459 senungis
739 4389 770 4442 17
788 4384 927 4443 marrus
1026 4403 1077 4441 em.
1095 4386 1136 4441 illi
1152 4384 1268 4441 ΜΗΘ
