3159 4967
288 424 331 490 92
672 419 699 475 S.
716 417 834 473 Aureli
851 416 1034 486 Augustini

288 611 473 695 iniquitates
493 611 566 675 tuas
589 612 622 675 et
650 609 739 693 quasi
769 609 917 675 nebulam
938 610 1072 692 peccato,
1092 609 1163 673 tus:
1193 609 1353 673 reuertere
1377 606 1418 672 ad

288 734 351 793 me,
374 713 656 796 quoniamrodomi
669 713 711 776 to.
749 712 851 776 Item
873 710 964 794 post
980 711 1247 792 aliquantum:
1270 710 1418 774 Memen-

288 820 355 884 tote
377 817 465 882 istud
495 817 528 881 et
548 814 796 881 confundamini:
830 813 942 892 rodite,
971 813 1253 897 praebaricatores,
1283 812 1324 877 ad
1353 830 1417 877 cor.

288 920 498 986 recordamini
520 918 632 1003 prioris
661 918 798 983 saeculi:
832 918 977 1001 quonium
1009 933 1068 1000 ego
1098 915 1186 995 deus,
1218 917 1250 981 et
1277 935 1338 982 non
1370 917 1420 982 est

288 1025 375 1092 ultra
397 1024 485 1103 deus,
508 1041 565 1088 nec
589 1023 638 1088 est
660 1022 772 1087 similis
793 1021 866 1086 mei.
911 1021 958 1086 nc
981 1019 1187 1103 aliquanto
1209 1020 1316 1102 post:
1339 1017 1418 1100 Quis
1443 1030 1459 1071 ⁵

291 1128 466 1193 ambulabit
488 1128 520 1191 in
541 1125 690 1203 tenebris,
714 1125 747 1188 et
767 1143 829 1189 non
846 1125 895 1188 est
907 1123 1015 1188 lumen
1031 1124 1081 1188 eii
1125 1124 1230 1205 speret
1244 1122 1276 1186 in
1291 1121 1417 1187 nomine

292 1229 411 1296 domini
442 1230 474 1294 st
502 1227 654 1293 innitatur
686 1244 780 1308 snper
810 1225 904 1290 deum
935 1243 1036 1289 suurn.
1086 1225 1185 1289 Item
1219 1226 1310 1308 post
1343 1224 1417 1289 ali-

292 1334 492 1417 quantum:
526 1329 726 1406 dorlitone,
756 1328 810 1412 qui
833 1328 920 1393 scitis
942 1329 1071 1406 iustum,
1104 1329 1249 1412 populns,
1271 1329 1419 1393 lexmea

289 1438 323 1502 in
345 1437 440 1503 corde
463 1453 580 1501 eorum.
625 1433 722 1497 nolito
743 1432 856 1496 timere
880 1431 1046 1513 obprobria
1073 1431 1244 1510 hominum,
1276 1433 1308 1496 et
1327 1432 1418 1498 blas-

290 1539 432 1622 phemias
466 1557 574 1604 sorum
603 1555 642 1601 ne
674 1536 824 1600 timeatis.
871 1535 954 1600 sieut
988 1535 1071 1600 eninr
1102 1535 1336 1614 uestimentum,
1372 1535 1417 1601 sic
1432 1543 1458 1584 ¹⁰

290 1641 437 1707 comedet
459 1659 512 1706 eos
534 1639 666 1705 uermis:
691 1639 724 1703 et
745 1639 828 1704 sicut
849 1639 965 1716 lanam,
989 1640 1034 1704 sic
1059 1637 1225 1704 denotabit
1248 1655 1301 1703 eos
1315 1639 1418 1703 tinea:

291 1746 378 1811 salus
401 1746 508 1810 sutem
530 1761 602 1806 moa
622 1742 655 1806 in
677 1742 902 1823 sempiternum
926 1741 985 1806 erit
1001 1743 1033 1806 et
1047 1741 1170 1807 iustitia
1185 1759 1257 1806 mec
1270 1741 1302 1805 iu
1319 1759 1418 1826 gene-

290 1847 428 1911 rationes
461 1842 707 1928 generationum.
758 1843 807 1907 Et
843 1843 933 1925 post
968 1844 1232 1927 aliquantum:
1268 1843 1418 1926 Quaerite

293 1948 462 2025 dominum,
486 1947 561 2010 dum
581 1945 716 2011 inueniri
736 1946 858 2028 potest:
881 1946 1027 2011 inuocate
1051 1965 1132 2026 eum,
1157 1948 1232 2013 dum
1246 1965 1343 2030 prope
1359 1947 1416 2014 est.

292 2049 491 2132 derelinquat
510 2047 626 2130 impius
648 2048 733 2112 uiam
756 2067 847 2112 susm
870 2049 902 2112 et
917 2049 966 2113 uir
979 2049 1105 2131 iniquus
1121 2051 1328 2134 cogitationes
1344 2070 1418 2116 suas
1432 2072 1459 2114 u

293 2152 326 2217 ot
345 2152 525 2216 reuertatur
547 2149 587 2214 ad
611 2151 781 2229 dominum,
817 2151 849 2216 et
870 2151 1070 2217 miserebitur
1093 2152 1170 2232 eius,
1205 2154 1236 2218 ei
1259 2152 1300 2217 ad
1324 2153 1417 2219 deum

291 2256 448 2320 nostrum:
493 2255 641 2338 quoniam
670 2255 789 2319 multus
820 2255 869 2318 est
899 2255 939 2318 ad
969 2255 1205 2338 ignoscendum.
1250 2257 1298 2323 Et
1329 2269 1419 2340 post

291 2377 433 2423 uersus
454 2359 531 2425 XX:
553 2358 642 2423 Haeo
660 2358 737 2423 dicit
753 2359 912 2424 dominus:
936 2357 1093 2423 custodite
1107 2359 1260 2425 iudicium
1276 2361 1309 2425 ot
1322 2359 1417 2426 facite

290 2461 462 2527 iustitiam:
486 2462 561 2545 quis
582 2463 670 2526 iuria
693 2463 742 2526 est
763 2462 850 2527 salus
873 2481 945 2526 mea
968 2462 1005 2525 nt
1020 2461 1137 2540 ueniat,
1163 2465 1194 2527 et
1208 2463 1332 2528 institia
1345 2481 1419 2529 mea

290 2565 328 2628 nt
347 2565 517 2631 reueletur.
561 2565 674 2630 beatus
696 2565 754 2643 uir,
779 2565 833 2648 qui
855 2565 932 2629 iacit
955 2565 1024 2642 hoo,
1050 2564 1082 2629 et
1097 2563 1181 2630 iilius
1196 2565 1341 2644 hominis,
1365 2567 1418 2649 qui
1432 2587 1461 2628 ao

292 2667 499 2750 adprehendit
512 2669 615 2733 istud:
630 2668 812 2733 custodiens
828 2669 994 2733 sabbatum
1009 2686 1047 2732 ne
1062 2665 1183 2750 polluet
1196 2667 1285 2747 illud,
1309 2669 1418 2734 custo·

292 2771 381 2835 diens
404 2789 516 2835 munus
546 2789 619 2836 suas
648 2791 688 2836 ne
719 2771 816 2836 iaciat
846 2789 936 2836 omne
965 2770 1094 2835 malum.
1140 2771 1187 2836 ut
1218 2771 1313 2853 post
1345 2789 1419 2836 nou

291 2872 472 2938 multum:
497 2874 558 2955 Qui
580 2874 784 2939 consolamini
806 2874 838 2938 in
863 2873 923 2938 diis
946 2875 1053 2938 subter
1076 2891 1165 2937 omne
1187 2873 1308 2957 lignum
1331 2874 1419 2940 iron-

293 2973 414 3054 dosum,
436 2977 636 3042 immolantes
657 2976 806 3058 pamulos
828 2977 1084 3054 intonantibus,
1108 2976 1215 3041 subter
1229 2975 1419 3042 inminentes

292 3078 407 3160 petras.
451 3079 484 3143 in
506 3079 647 3160 partibus
668 3079 816 3143 torrentis
846 3097 918 3160 pars
948 3080 1012 3144 tua
1057 3080 1135 3144 haec
1168 3080 1216 3144 est
1248 3098 1316 3145 sors
1344 3081 1418 3144 tua:
1432 3097 1461 3140 as

295 3181 327 3244 et
347 3181 425 3263 ipsis
441 3181 582 3246 obtulisti
596 3181 744 3259 libamen,
760 3181 904 3246 obtudisti
919 3181 1118 3246 sacrificium.
1157 3183 1310 3266 numquid
1325 3201 1419 3267 super

394 3381 646 3447 snussecs
716 3369 901 3449 nnumin
969 3383 1206 3449 ssucurscs
1276 3386 1420 3451 reniso,

292 3469 387 3524 osca
457 3467 726 3533 recusemus
794 3468 1062 3536 assecutus

344 3639 521 3695 iredrmrP¹
590 3639 718 3710 shquaR
785 3641 927 3696 memroO
994 3641 1170 3698 Siundamrm
1181 3645 1321 3713 MS(cod.
1335 3647 1420 3714 Am),

293 3727 435 3781 iundmuur
452 3727 497 3794 ΡΙ,
514 3724 668 3781 blandimini
683 3727 713 3783 R
780 3729 798 3781 4
815 3729 888 3798 dene]
907 3727 1101 3784 dromedas
1165 3729 1181 3782 5
1198 3736 1263 3799 por-r
1276 3731 1419 3800 ahquenrti

292 3814 329 3875 R,
348 3813 437 3882 sirpus
454 3815 516 3881 (om.
534 3813 604 3880 post)
624 3813 648 3868 G
722 3815 739 3868 6
758 3815 795 3884 et]
815 3829 864 3868 om.
884 3814 912 3869 R
988 3813 1005 3867 8
1022 3817 1131 3884 populor
1147 3815 1171 3870 S
1248 3816 1279 3870 11
1300 3815 1420 3871 comcdrr

293 3904 393 3969 (comm.
411 3899 485 3967 MP)
504 3898 609 3953 MPOa
710 3901 813 3954 mbo:
838 3900 933 3954 uermis
957 3915 979 3954 e.
1003 3917 1023 3955 s.
1042 3901 1059 3956 l.
1078 3918 1098 3957 s.
1116 3900 1141 3956 d.
1167 3917 1211 3956 eos
1234 3917 1284 3958 om.
1304 3903 1350 3957 Μι

293 3984 440 4053 deaurabit]
458 3984 573 4039 donorau
592 3985 621 4048 S,
639 3985 759 4039 comedrr
778 3987 850 4056 ioum.
869 3986 907 4039 Μ
909 3986 953 4054 Ψ)
972 3985 1076 4051 afim,
1100 3987 1225 4043 comedet
1243 3989 1272 4044 R
1340 4005 1422 4044 rrnea

293 4072 338 4138 (is
354 4087 411 4125 roa.
424 4087 458 4126 m.
470 4073 499 4138 1)
516 4071 555 4124 Μ
622 4071 700 4124 12111
717 4087 894 4140 generacione
912 4071 968 4126 sP·
1037 4072 1071 4125 14
1088 4089 1205 4127 muemre
1222 4075 1261 4128 Μ
1328 4075 1360 4128 15
1378 4073 1419 4144 dei

291 4155 400 4225 lmqnar
420 4155 443 4210 S
524 4157 594 4226 sues]
613 4171 663 4210 om.
681 4157 717 4211 1³¹
803 4157 835 4210 17
855 4157 985 4225 quoniam]
1005 4173 1049 4226 qm
1067 4159 1094 4213 R
1110 4157 1181 4227 (quia
1199 4160 1258 4214 cod.
1276 4161 1350 4227 Am.)

293 4241 328 4294 18
344 4244 403 4296 ucis
418 4241 482 4296 Π·
498 4242 557 4310 plui
565 4248 651 4296 munus
661 4241 689 4307 S,
707 4241 763 4295 XX·
781 4249 802 4295 fi
820 4242 888 4297 orca
956 4241 990 4294 20
1001 4241 1058 4312 hoc]
1073 4259 1168 4297 aurem
1180 4245 1223 4307 1²¹,
1237 4243 1301 4298 haec
1315 4245 1352 4299 Ρ1

291 4327 324 4382 21
344 4327 393 4382 rili
412 4327 442 4391 0,
459 4327 534 4382 ritud
552 4328 576 4383 S
640 4327 675 4380 24
692 4329 896 4383 eminenreiRo
965 4327 999 4382 26
1018 4327 1161 4382 obrulrirrs
1178 4329 1243 4398 (bis)
1264 4329 1287 4384 S
