3159 4967
250 447 315 512 252
399 481 402 490 .
636 445 661 500 S.
679 445 795 499 Aureli
812 443 996 514 Augustini

250 635 379 719 prolana
414 635 519 698 autem
552 631 744 715 inaniloquia
774 633 897 696 deuita:
932 631 1069 696 multum
1101 633 1185 698 anim
1215 635 1380 716 proficient

251 738 292 802 ad
319 737 525 819 impietatem,
554 737 586 800 et
616 753 718 800 sermo
749 753 857 800 eorum
880 737 916 798 ut
938 753 1051 800 cancer
1078 737 1185 818 serpit.
1223 739 1270 802 Et
1291 738 1381 820 post

251 843 295 908 Vl
324 859 483 906 uersus:
513 839 669 920 cognouit
698 839 843 904 dominns
874 838 928 920 qui
955 839 1029 903 sunt
1058 839 1136 917 eius,
1162 842 1211 905 ot:
1234 841 1380 906 discedat

252 947 291 1010 ab
324 945 490 1028 iniquitate
525 943 624 1008 omnis
653 944 706 1024 qui
736 942 865 1007 inuocat
893 960 1007 1008 nomen
1038 943 1164 1008 domini.
1203 946 1234 1009 in
1264 963 1378 1029 magna

252 1050 357 1113 autem
381 1048 473 1112 domo
495 1065 556 1112 non
580 1045 682 1110 solum
705 1047 778 1110 sunt
798 1063 879 1110 uasa
907 1063 1004 1110 aurea
1026 1047 1058 1110 et
1081 1049 1242 1130 argentea,
1265 1049 1323 1113 aed
1345 1050 1380 1113 et
1403 1067 1419 1108 a

250 1152 356 1234 lignea
386 1153 417 1214 et
444 1149 564 1226 fictilia,
596 1150 627 1212 ct
650 1149 807 1230 quaedam
829 1148 958 1230 quidem
979 1149 1012 1214 in
1034 1151 1193 1228 honorem,
1222 1152 1380 1234 quaedam

252 1257 358 1320 autem
379 1254 411 1318 in
435 1251 668 1318 coutumeliam.
706 1252 734 1316 si
761 1251 832 1333 quis
855 1269 931 1334 ergo
952 1252 1154 1318 mandauerit
1175 1273 1211 1321 se
1235 1257 1274 1322 ab
1296 1257 1379 1336 istis,

252 1359 310 1422 erit
339 1376 397 1422 uas
419 1358 451 1422 in
474 1357 623 1422 honorem
651 1355 884 1420 sanctificatum
907 1357 940 1420 et
961 1355 1039 1420 utile
1062 1356 1199 1436 domino,
1223 1360 1266 1424 ad
1287 1377 1380 1424 omne

251 1480 328 1544 opus
351 1461 467 1526 bouum
490 1461 643 1542 paratum.
679 1457 838 1524 iuuenalia
854 1459 961 1523 autom
976 1458 1136 1526 desideria
1149 1461 1240 1544 fuge:
1256 1464 1380 1528 sectare

251 1583 326 1630 uero
348 1564 511 1640 iustitiam,
535 1563 641 1639 fidem,
666 1562 842 1638 caritatem,
864 1579 976 1643 pacem
998 1580 1072 1628 cum
1094 1565 1143 1630 his
1161 1566 1216 1647 qui
1230 1566 1384 1656 innocent
1394 1587 1420 1629 ιο

251 1668 412 1733 domiuum
446 1667 484 1732 de
500 1671 503 1678 '
518 1665 612 1731 cordo
646 1684 732 1746 puro.
771 1665 886 1730 stultas
921 1667 1028 1731 autem
1057 1667 1091 1730 et
1118 1669 1185 1732 sine
1213 1669 1381 1754 disciplina

251 1773 450 1854 quaestiones
473 1771 590 1846 deuita,
615 1769 718 1834 aciens
734 1768 818 1850 quod
840 1771 993 1851 generant
1007 1770 1092 1836 lites
1128 1791 1257 1838 seruum
1272 1775 1380 1838 autem

252 1873 368 1940 domini
398 1893 457 1940 non
488 1873 610 1956 oportet
631 1873 767 1956 litigare,
795 1874 854 1939 sod
875 1876 1077 1940 mansuetum
1099 1893 1170 1940 esse
1194 1877 1235 1942 ad
1257 1895 1379 1953 omnes,

244 1977 429 2054 docibilem,
463 1977 645 2059 patientem,
680 1995 754 2041 cum
784 1977 943 2043 modestia
978 1979 1198 2062 corripientem
1236 1999 1290 2045 eos
1325 1980 1380 2062 qui

251 2081 417 2146 resistunt:
451 2100 489 2144 ne
520 2079 644 2163 quaudo
673 2080 728 2146 det
750 2081 816 2146 illis
838 2080 917 2146 deus
949 2082 1175 2164 paenitentiam
1204 2084 1246 2148 ad
1279 2101 1379 2168 agno·
1392 2101 1421 2144 sa

250 2183 401 2250 scandam
427 2183 605 2253 ueritatem.
637 2185 668 2247 et
695 2185 885 2267 resipiscant
915 2203 935 2249 a
964 2185 1081 2252 diaboli
1109 2187 1243 2270 laqueis,
1274 2183 1380 2270 cho

251 2287 368 2370 captiosi
399 2287 546 2352 tenentur
567 2286 620 2352 ‘ad
652 2288 751 2369 ipsius
783 2289 991 2354 uoluntatem.
1042 2290 1110 2355 Hoc
1147 2291 1253 2355 autem
1286 2290 1378 2368 seito,

251 2391 335 2474 quod
364 2391 395 2454 in
425 2390 603 2456 nouissimis
632 2389 743 2455 diebus
773 2391 937 2457 instabunt
964 2394 1109 2476 tempora
1132 2394 1322 2476 periculosa,
1346 2393 1379 2458 ot

251 2495 341 2560 erunt
363 2494 504 2560 hominos
527 2511 561 2558 so
584 2494 670 2576 ipsos
692 2497 845 2573 amantes,
878 2495 995 2580 cupidi,
1019 2496 1106 2573 elati,
1129 2498 1266 2579 superbi,
1288 2498 1378 2564 blas·

249 2597 364 2680 phemi,
397 2597 578 2679 parentibus
615 2616 674 2662 non
713 2597 926 2676 oboedientes,
969 2583 1096 2682 ingrati,
1134 2599 1273 2677 scelesti,
1311 2601 1422 2666 sine»

251 2700 423 2777 affectione,
461 2701 529 2764 sinc
565 2719 652 2782 pace,
692 2701 920 2781 criminatores,
963 2701 1203 2779 incontinentes,
1239 2703 1377 2780 inmites,

250 2803 317 2868 sino
353 2805 558 2886 benignitate,
595 2803 780 2886 proditores,
825 2805 975 2887 proterui,
1014 2805 1140 2882 tumidi,
1178 2806 1378 2888 uoluptatum

251 2908 411 2973 amatores
430 2908 534 2989 magis
556 2927 651 2989 quam
675 2908 735 2987 dei,
763 2909 916 2974 habentes
939 2909 1079 2991 speciem
1094 2909 1223 2991 quidam
1236 2907 1376 2990 pietatis,

250 3010 401 3076 uirtutem
424 3011 530 3074 autom
553 3011 619 3076 eius
644 3012 853 3093 abnegantes:
878 3012 910 3076 et
931 3013 989 3077 hos
1012 3011 1130 3076 denita.
1170 3031 1207 3076 es
1229 3012 1279 3076 his
1295 3011 1379 3075 onim

251 3114 324 3179 sunt
356 3113 409 3194 qui
443 3113 607 3194 penetrant
641 3113 750 3178 domos
784 3115 817 3178 et
844 3115 988 3199 captiuas
1022 3115 1143 3180 ducunt
1175 3113 1379 3180 mulierculas
1392 3139 1419 3183 ss

354 3369 371 3424 8
389 3369 422 3424 cf.
438 3369 515 3426 Num.
535 3370 576 3432 16,
596 3371 612 3422 5
631 3371 658 3424 et
676 3369 718 3424 aa.
738 3370 780 3434 26,
800 3370 833 3424 13
937 3371 969 3424 ll
986 3369 1013 3425 11
1030 3370 1096 3428 lim.
1112 3372 1140 3436 3,
1159 3371 1225 3426 l-‘l

302 3612 316 3665 1
336 3610 434 3679 eutem]
452 3609 519 3664 odd.
539 3611 567 3662 et
585 3625 620 3662 ao
699 3609 845 3678 inaniloqur
863 3610 893 3674 G,
918 3610 1071 3680 uaniloquia
1087 3629 1105 3666 o
1123 3615 1154 3680 (c
1165 3614 1198 3665 iss
1209 3615 1309 3683 moro.)

251 3697 328 3766 enim]
347 3712 397 3751 om.
418 3695 456 3750 So
542 3694 664 3764 pirosanr
677 3695 721 3763 P¹‚
738 3694 858 3764 pirunnr
873 3696 955 3752 Puro
1041 3695 1161 3753 avua
1204 3765 1208 3775 ‚
1245 3697 1379 3768 cognouit]

250 3781 410 3852 agnoer
493 3779 664 3834 discedente
754 3783 880 3835 lomnes
894 3797 939 3852 qm
956 3797 1088 3836 innocent
1107 3783 1158 3837 S'o
1243 3783 1325 3837 ised
1342 3783 1379 3852 et]

250 3869 294 3924 red
311 3885 339 3924 sn
359 3869 397 3924 1²²
473 3867 616 3921 dtrcnlra
634 3867 671 3922 Ρ·
712 3873 715 3880 “
740 3869 841 3922 honore
857 3868 897 3923 1²²
970 3869 1099 3939 quaedam
1118 3884 1142 3924 a
1159 3872 1176 3924 i
1194 3869 1380 3923 contumeliam

249 3971 301 4010 om.
318 3955 353 4010 1³¹
440 3954 510 4008 leb
527 3953 608 4008 hrlrrl
624 3953 662 4008 Μ
744 3955 876 4009 8h'onore
893 3957 923 4012 R
1009 3955 1171 4010 oruuemha
1188 3955 1312 4012 Panae

250 4043 284 4095 12
301 4053 433 4110 generans
453 4040 481 4096 R
568 4041 640 4095 ferun
659 4043 685 4110 (fl
702 4042 735 4094 sis
752 4042 823 4109 ras.)
843 4041 882 4095 Μ
970 4039 1003 4096 18
1021 4042 1129 4111 litigari
1146 4042 1207 4097 ΜΟ
1289 4043 1324 4096 lli
1340 4057 1382 4097 re·

249 4127 356 4196 simunt]
370 4126 437 4181 addj
451 4141 571 4180 uenrarr
583 4127 640 4181 P'o
722 4126 930 4197 cognoscendam
941 4129 1006 4184 aaa
1088 4129 1121 4183 16
1133 4127 1234 4182 metali
1246 4127 1311 4184 ΜΡ

248 4212 374 4282 laqcaeos
389 4213 427 4266 Ρι
508 4211 540 4266 17
559 4212 616 4282 hoc]
635 4213 726 4268 οπο
812 4213 846 4267 21
863 4220 972 4269 munau
986 4214 1030 4279 Μ,
1056 4221 1183 4274 mmrrrsl
1196 4215 1243 4279 Ρ,
1268 4219 1383 4269 ammius

250 4299 273 4352 0
374 4297 408 4351 22
425 4303 479 4352 nne
496 4297 702 4366 bemgnsrarern
720 4299 820 4354 ΜΡὈ
914 4301 1121 4371 uelamentum
1138 4299 1176 4354 Μ
1271 4300 1307 4354 28
1325 4299 1384 4368 dail·

248 4383 283 4438 do
301 4384 347 4437 Μ·
450 4383 484 4436 25
503 4382 634 4438 domusS
733 4385 885 4440 muhecular
899 4386 938 4440 M
