3159 4967
298 420 363 489 640
523 421 569 475 De
586 420 714 477 diuinis
731 422 914 491 scripturis
931 421 1006 475 sius
1022 420 1209 490 speculam

299 610 331 677 in
367 609 419 677 die
452 609 630 677 censionis.
689 612 788 675 item
824 609 863 675 in
898 610 1092 675 hieremia
1124 610 1334 693 propbeta:
1376 610 1444 691 Qui

298 713 492 780 manducant
512 712 737 789 iucunditatem
759 712 949 779 interierunt
973 712 1006 777 in
1029 728 1178 779 arcemn:
1206 712 1263 795 qui
1289 712 1445 777 uelutsut

299 837 393 901 snper
414 818 575 895 coccinea,
603 816 740 900 amplexi
762 816 839 883 snut
858 816 1008 882 macera
1053 816 1157 881 ltem
1177 816 1322 899 petrns
1343 834 1444 898 apc-

299 920 428 989 stclus
450 922 500 985 ll:
533 920 616 987 Nam
649 920 677 985 si
710 920 817 1004 angeli
848 919 1035 985 tortitudine
1065 920 1099 985 et
1128 920 1249 985 uirtrte
1273 938 1352 985 cnm
1375 920 1446 986 m‘rrt

298 1023 445 1103 maiores,
478 1042 540 1091 nou
572 1022 701 1107 pertant
730 1023 850 1089 domini
879 1022 1075 1091 exsecrabile
1096 1023 1269 1089 indicium:
1303 1022 1338 1089 bi
1360 1043 1485 1089 umes

299 1128 354 1210 qui
384 1124 473 1193 nelnt
501 1145 618 1213 pecora
644 1126 835 1193 naturaliter
863 1130 895 1193 in
924 1126 1012 1193 luem
1042 1127 1076 1191 et
1102 1126 1276 1211 perniciem
1305 1126 1376 1195 nati
1408 1130 1444 1192 et

298 1230 360 1315 ipsi
381 1230 457 1313 quia
477 1229 625 1315 ignorant
646 1230 860 1308 enarrantur,
887 1230 921 1297 in
941 1228 1084 1311 periculo
1104 1246 1164 1295 sne
1186 1230 1320 1313 perient
1347 1231 1441 1298 reci-

299 1333 422 1415 pientes
437 1332 619 1399 mercedem
632 1332 818 1409 iniustitiae,
843 1331 1046 1399 dnlcedinem
1061 1333 1268 1399 aestimantes
1280 1333 1441 1417 maligni-
1563 1387 1564 1404 i

298 1436 409 1511 tatem.
432 1436 557 1503 deliciis
579 1436 774 1519 coinquinati
789 1436 824 1501 et
843 1435 988 1503 infamati
1008 1437 1042 1501 in
1057 1436 1190 1502 summis
1203 1436 1440 1519 uoluptatibus.
1563 1439 1564 1516 ζ

299 1538 454 1605 conuiuiis
488 1540 619 1617 adtenti,
654 1539 764 1605 ocules
793 1540 948 1605 babentes
978 1538 1142 1607 adulteros
1164 1539 1198 1605 et
1224 1540 1441 1607 incessabiles
1455 1566 1481 1604 ιο
1563 1529 1564 1598 3

300 1642 437 1723 delictis,
469 1642 680 1727 refigursntes
710 1643 841 1725 spiritus
870 1642 1030 1709 stabilitos
1059 1644 1093 1709 et
1120 1662 1177 1709 cer
1206 1644 1440 1709 exercitatum:
1563 1639 1564 1644 ’

300 1744 406 1829 cupidi
429 1748 463 1813 et
482 1746 657 1826 maledicti,
686 1747 734 1813 lili
758 1747 914 1826 abrelicti,
940 1748 996 1831 qui
1018 1764 1039 1811 a
1059 1748 1115 1813 nia
1135 1746 1282 1813 ueritatis
1304 1766 1439 1814 exerra-
1563 1821 1564 1826 ,

298 1850 423 1915 nemnt.
1563 1875 1564 1878 ¹

248 2112 270 2155 a
300 2094 386 2155 ruriis
410 2094 557 2155 enutristis
578 2095 782 2155 cordnuestra.
818 2095 859 2154 In
879 2094 1059 2154 hieremia
1079 2112 1156 2171 esp.
1245 2098 1335 2169 :Qui
1355 2114 1441 2157 man-

301 2180 407 2241 ducant
428 2180 629 2251 iucunditates‚
652 2180 822 2241 interierunt
841 2181 873 2241 in
886 2180 1043 2241 erasmum:
1066 2182 1115 2256 qni
1129 2182 1231 2243 uolunt
1242 2183 1275 2243 in
1293 2184 1442 2253 commea,
1455 2208 1480 2247 ss

301 2266 422 2343 amplexi
451 2268 519 2327 sunt
548 2270 681 2327 stercora.
725 2268 858 2327 Petrus
887 2267 924 2327 in
944 2267 1107 2342 epistula
1125 2268 1155 2327 11
1176 2283 1253 2343 cap.
1275 2268 1349 2329 Vll:
1383 2272 1443 2331 Vbi

300 2352 396 2427 augeli
418 2352 582 2413 tortitudine
604 2356 633 2413 et
653 2353 758 2413 uirtute
774 2369 838 2412 cum
852 2352 913 2411 sint
924 2352 1047 2413 maiores
1068 2371 1186 2428 usque
1209 2353 1443 2429 derelinquentes

299 2440 406 2499 rectam
427 2440 504 2499 niam
525 2441 698 2499 erranernnt

247 2682 403 2759 pterram
436 2681 465 2738 et
496 2678 527 2738 in
562 2678 682 2738 luxuriis
718 2679 867 2739 enutristis
904 2678 988 2738 cerda
1023 2682 1127 2739 neena
1171 2680 1213 2739 In
1244 2680 1441 2738 lamentet

300 2764 495 2825 hieremiae
517 2781 590 2840 cap.
695 2784 702 2822 z
729 2765 785 2836 (lui
807 2765 995 2825 uescebantur
1015 2766 1192 2841 uoluptuese,
1215 2764 1387 2825 interierunt
1410 2767 1479 2828 ins

300 2850 373 2909 uiis:
397 2851 446 2925 qui
467 2850 666 2909 nutriebantur
679 2851 709 2909 iu
725 2850 841 2921 croceis,
861 2850 1016 2927 amplexati
1037 2852 1106 2911 sunt
1126 2853 1259 2911 stercora
1303 2852 1442 2911 Petrus

302 2934 337 2994 in
360 2935 526 3010 epistula
546 2936 577 2995 ll
598 2953 670 3011 cap.
695 2937 763 2995 VII:
786 2935 843 2995 Vbi
864 2936 961 3012 angeli
983 2936 1148 2995 fertitudine
1169 2938 1199 2995 et
1218 2937 1326 2997 uirtute
1350 2954 1443 3011 quum

301 3022 360 3083 sint
381 3022 502 3081 maiores
525 3038 640 3095 nsque
663 3021 890 3097 derelinquentes
912 3026 1018 3081 rectam
1038 3022 1118 3083 uiam
1138 3024 1312 3083 ensuerunt.

404 3254 418 3307 l
438 3252 531 3309 Thren.
550 3254 576 3319 4,
595 3254 613 3307 5
714 3254 732 3307 4
749 3252 775 3308 Π
792 3252 865 3309 Patr.
881 3252 908 3318 2,
928 3254 1030 3309 11-15

352 3476 366 3528 1
391 3474 452 3529 diae
476 3474 510 3540 S,
541 3474 611 3529 diem
634 3474 725 3531 HLO
842 3474 1055 3531 liecunditates
1078 3476 1152 3533 VLO
1267 3492 1378 3533 arcemn
1402 3480 1439 3535 S:
1563 3507 1564 3554 p

300 3594 430 3650 excelsum
447 3594 568 3659 MVLG,
598 3592 705 3661 ἐξόδοις
798 3595 922 3650 uolutant
938 3597 1025 3667 snper]
1043 3596 1167 3661 nolum
1178 3564 1385 3669 Rumam.
1403 3601 1437 3653 ἐκ

301 3698 406 3754 laem
422 3704 450 3753 ct
467 3714 489 3755 s.
508 3698 526 3753 l.
544 3716 579 3754 aa.
598 3702 629 3768 2)
652 3699 679 3754 V
695 3701 743 3769 (cf.
761 3702 789 3767 s)
888 3700 1001 3770 dsuper
1018 3700 1050 3757 S:
1079 3701 1108 3755 in
1126 3702 1243 3758 MVLO
1336 3704 1441 3774 ample·
1563 3699 1564 3786 ζ

300 3784 356 3839 rati
378 3782 429 3839 V'c
533 3783 676 3855 spostolus]
695 3784 724 3841 in
742 3786 856 3857 epistola
873 3786 955 3858 (epla,
973 3790 1018 3857 ep)
1036 3786 1074 3841 Μ
1076 3788 1152 3843 nc
1253 3787 1271 3842 4
1288 3789 1312 3843 si
1329 3805 1383 3845 cra
1400 3790 1441 3845 Μ
1563 3845 1564 3872 ᾖ

304 3868 379 3925 71ιο
479 3870 497 3923 5
514 3870 551 3925 hii
569 3868 629 3925 SM
632 3870 657 3924 V
750 3886 805 3926 uon
822 3874 932 3942 portant
948 3889 999 3928 om.
1017 3874 1050 3928 ἑκ
1067 3874 1173 3929 lucum
1193 3874 1221 3929 V
1314 3876 1331 3930 6
1350 3876 1438 3931 lucem
1563 3881 1564 3924 t

301 3956 367 4013 MV
466 3956 623 4025 'ligncrant
641 3957 669 4010 et
686 3956 802 4013 MVLO
903 3962 1057 4013 execrantur
1076 3959 1139 4016 V¹L
1241 3958 1438 4016 tindammati
1563 3967 1564 4032 j

301 4042 339 4097 Μ
341 4041 416 4099 VLO
518 4040 796 4099 meneuwensis
895 4044 925 4098 11
951 4042 1060 4099 delectis
1084 4044 1108 4100 S
1206 4046 1383 4116 raflguramoe
1402 4048 1438 4103 S:
1563 4059 1564 4108 ᾗ

301 4127 596 4185 risicnlantesMVLC
679 4128 771 4199 span'
856 4130 1077 4186 malumno
1160 4136 1314 4187 emanarunt
1327 4132 1367 4188 Oc

1563 4193 1564 4232 l

1563 4253 1565 4286 t
