3159 4967
397 481 445 536 lle
462 481 591 537 diuinis
608 482 787 551 scripturis
805 481 877 536 siue
894 481 1078 551 Speculum.
1237 481 1300 547 437

175 669 318 752 probatio
345 669 429 734 enim
456 669 592 736 hominis
619 669 652 735 in
672 670 760 736 terra
780 670 850 734 nita
872 669 939 736 eius
962 671 1021 750 est,
1045 670 1077 736 st
1099 671 1189 738 actus
1211 670 1298 736 illius

173 772 259 837 sicut
279 790 402 838 merces
424 771 593 838 cotidiana
631 772 732 837 Item
752 772 865 838 illic:
889 771 1021 856 Suscips
1041 773 1074 838 in
1096 775 1129 838 te
1153 773 1298 840 altitudi-

173 893 248 940 nem
270 876 302 941 et
323 875 484 953 numum,
513 875 546 940 et
566 875 747 942 claritatem
768 876 801 941 et
823 876 973 942 honorem
994 876 1133 942 induere.
1174 875 1298 942 dimitte

175 977 305 1062 angelos
338 978 413 1057 irae,
448 979 481 1043 et
510 997 635 1045 omnem
666 978 851 1044 iniuriosum
879 978 912 1044 et
940 980 1110 1062 superbum
1140 979 1297 1060 extingue.

145 1099 287 1164 ssepara
309 1099 329 1146 a
348 1081 381 1146 te
403 1079 517 1163 impios
539 1080 704 1146 confestim
727 1080 760 1146 st
777 1080 935 1148 absconde
952 1101 1006 1147 eos
1028 1099 1137 1148 omnes
1159 1082 1191 1146 iu
1213 1071 1300 1146 te'rra

175 1186 208 1248 et
228 1183 384 1250 confunde
416 1182 516 1249 iacies
538 1202 647 1249 eorum
678 1182 860 1267 ignominia,
891 1182 924 1248 et
950 1183 1049 1250 redde
1078 1185 1143 1250 illis
1166 1202 1232 1252 sua
1270 1184 1298 1250 si

175 1287 282 1353 autem
310 1286 374 1352 sint
403 1287 479 1370 aput
498 1287 534 1351 te
556 1287 623 1353 sine
645 1288 772 1370 honore,
804 1286 837 1352 et
863 1286 939 1352 tunc
962 1286 1086 1353 uidebis
1110 1288 1142 1354 st
1163 1287 1297 1354 conlite-

173 1389 258 1454 beris
291 1389 437 1472 quoniam
469 1391 581 1473 potens
614 1390 665 1455 est
697 1389 827 1456 dextera
855 1407 928 1456 mes
956 1388 1081 1454 saluam
1109 1389 1153 1455 te.
1198 1389 1298 1456 Item

173 1490 280 1556 illic:
302 1491 454 1556 Dominus
477 1489 539 1555 scit
559 1491 647 1556 uiam
667 1509 772 1557 meam
795 1491 828 1556 et
848 1490 916 1573 ipse
933 1489 1055 1558 iudicet
1068 1511 1120 1571 me
1135 1493 1298 1574 tamquam

133 1617 161 1656 so
175 1612 296 1671 annum,
330 1593 414 1676 quod
435 1594 585 1676 probetur
616 1594 699 1677 igne.
735 1594 774 1658 nt
806 1592 976 1676 procedam
1001 1596 1033 1660 iu
1061 1595 1229 1676 mandatis,
1262 1595 1299 1660 nt

173 1695 352 1762 custodiam
373 1694 435 1762 iter
457 1695 534 1761 eius.
573 1698 607 1761 et
627 1715 688 1762 uon
711 1692 916 1763 declinatus
938 1698 1115 1780 praeceptis
1138 1697 1216 1776 eius,
1238 1715 1297 1763 nec
1365 1682 1369 1695 ’

174 1799 320 1882 egrediar
340 1799 412 1865 uias
434 1799 502 1866 eius
525 1800 558 1866 et
578 1819 640 1866 uon
662 1801 822 1878 monebor,
846 1799 956 1864 sedin
978 1799 1048 1865 sinn
1068 1819 1141 1867 meo
1164 1799 1297 1866 abscon·
1319 1851 1326 1866 .

174 1903 247 1968 dam
268 1903 368 1969 uerba
389 1901 485 1968 illius.
523 1903 608 1985 quod
630 1903 713 1968 enim
736 1903 887 1980 sustineo,
911 1902 977 1968 scic
993 1903 1077 1986 quod
1092 1904 1176 1968 sicut
1196 1903 1299 1970 uoluit

171 2005 336 2072 iudicauit
367 2007 400 2072 et
421 2006 492 2089 quis
514 2007 573 2084 est,
597 2006 651 2088 qui
666 2007 864 2073 contradicat
884 2006 954 2072 illi?
984 2005 1069 2089 quod
1086 2005 1168 2072 enim
1184 2005 1296 2083 uoluit,

131 2129 159 2168 a
172 2109 232 2174 hoc
260 2108 347 2174 iecit.
384 2109 417 2174 et
445 2109 573 2192 propter
601 2108 660 2174 hoc
691 2109 854 2192 correptus
883 2109 1038 2176 festinabo
1065 2107 1106 2174 ad
1127 2109 1240 2191 ipsum,
1266 2109 1298 2174 et

173 2211 329 2278 sollicitus
361 2211 523 2278 intendam
554 2213 587 2278 iu
621 2230 703 2292 eum,
737 2213 813 2295 qnia
838 2211 907 2295 ipse
937 2211 986 2278 est
1008 2211 1153 2277 dominns
1176 2211 1208 2276 et
1228 2211 1296 2294 ipss

173 2314 329 2380 emollinit
342 2332 397 2380 cor
411 2333 518 2380 menm
540 2315 572 2379 et
592 2314 661 2397 ipse
676 2313 889 2380 circumdedit
908 2332 969 2379 me.
1006 2314 1106 2380 Item
1127 2315 1166 2379 in
1187 2313 1296 2380 libro

171 2522 242 2582 dens
263 2523 293 2580 et
313 2523 339 2582 si
360 2538 429 2582 uoce
452 2522 538 2582 simili
559 2524 653 2592 tonas,
676 2522 819 2582 circumda
839 2523 894 2582 tibi
910 2522 1034 2582 decorem
1057 2539 1170 2596 nsque
1192 2524 1221 2581 st
1242 2537 1296 2596 ego

171 2607 323 2667 confitebor
350 2608 426 2682 qnod
452 2607 563 2668 salnare
585 2610 613 2666 ts
634 2609 727 2684 possit
749 2608 864 2668 dextera
885 2610 944 2668 tua.
989 2609 1076 2668 Item
1103 2624 1176 2682 cap.
1200 2607 1295 2668 xm:

128 2711 157 2750 ao
170 2692 230 2768 Ipsi
252 2709 319 2752 nero
341 2693 397 2752 ecit
417 2694 495 2752 uiam
515 2711 605 2754 msam
620 2696 649 2752 st
663 2695 796 2770 probauit
816 2711 860 2754 me
881 2710 994 2768 usqne
1017 2693 1085 2752 deus
1107 2693 1228 2753 mollinit
1250 2711 1297 2752 eor

170 2780 312 2837 meumst
334 2780 510 2854 omnipotens
536 2780 788 2839 conturbanitme.
826 2779 866 2838 Iu
899 2781 1170 2838 machabeorum
1202 2777 1297 2837 libro

170 2983 323 3044 chlumec*
344 2982 419 3042 sicut
433 2981 503 3041 deus
525 2984 554 3042 et
575 2981 610 3046 si,
622 2999 691 3040 uoce
714 2981 800 3042 simili
822 2983 914 3051 tonas,
938 2981 1079 3040 circumda
1099 2981 1153 3040 tibi
1171 2980 1296 3042 decorem
1324 3003 1348 3062 μ

170 3085 282 3143 usqne
304 3069 333 3126 et
354 3083 408 3142 ego
429 3065 581 3127 confitebor
603 3067 677 3142 quod
699 3067 810 3126 saluam
832 3069 860 3126 to
874 3067 967 3141 possit
982 3067 1167 3126 damnatae.
1204 3068 1296 3126 Item

170 3171 243 3229 cap.
266 3153 359 3212 xxm:
382 3153 444 3229 Ipsi
466 3169 533 3212 uero
555 3153 610 3212 scit
631 3152 707 3211 uiam
722 3170 812 3210 meam
828 3154 856 3211 ct
871 3153 1004 3226 probauit
1024 3169 1068 3212 ms
1090 3169 1203 3227 nsque
1226 3153 1295 3212 dens

127 3237 291 3300 asmolliuit
322 3255 369 3298 cor
400 3255 492 3298 meum
522 3241 551 3298 at
582 3238 758 3313 omnipotens
789 3239 968 3297 conturbauit
996 3255 1050 3298 me.
1094 3237 1134 3298 In
1163 3237 1296 3299 librol

271 3437 361 3492 2101).
378 3437 421 3502 ao,
440 3437 508 3491 5-s
610 3436 700 3492 anon.
717 3436 760 3505 aa,
779 3435 880 3491 10-1c

220 3626 546 3698 lintermlintegrsM
631 3625 801 3682 amemus
883 3624 1131 3696 semnguoesn,
1159 3625 1295 3694 extinguas

168 3711 317 3780 moetos>
331 3713 393 3768 ΜΟ
489 3713 611 3782 extingue
624 3710 803 3782 etsnpsrbum
819 3711 846 3766 V
940 3710 1087 3779 domnas,
1104 3710 1188 3766 omnis
1204 3711 1230 3764 V

166 3798 196 3851 in
218 3814 270 3852 oso.
292 3799 318 3853 V
417 3798 434 3852 6
458 3796 602 3852 contundet
622 3798 657 3852 V‘
759 3812 808 3852 sue
829 3811 879 3852 osc
903 3795 1047 3852 FMVLO
1146 3797 1211 3850 ‘let
1228 3799 1296 3850 acte

166 3884 231 3938 tunc
248 3900 301 3939 oss.
317 3883 462 3939 FMVLO
555 3882 746 3939 adsumis
835 3883 906 3938 uiam
925 3883 957 3937 S:
983 3883 1068 3936 uitam
1084 3879 1228 3938 FMVLO

169 3969 202 4022 10
218 3971 249 4024 nt
265 3972 344 4038 (onte
360 3969 519 4040 custodiam)
536 3970 571 4025 S:
600 3971 629 4024 et
646 3969 792 4024 FMVLG
894 3968 924 4022 ll
946 3983 995 4022 nec
1012 3965 1132 4036 egrediar
1149 3966 1183 4024 S:
1210 3968 1240 4020 et
1256 3967 1296 4020 in-

165 4054 273 4124 grediar
290 4055 435 4124 Fmvnc
536 4053 569 4108 12
586 4054 643 4124 sed]
663 4055 735 4111 etO
834 4053 1053 4108 leodienses
1153 4053 1186 4106 ll
1203 4053 1296 4108 unua

168 4139 287 4196 dicetL
388 4141 437 4210 illi]
462 4139 535 4195 eiC
636 4137 1002 4196 ldincnmintendamG
1103 4137 1296 4208 quieipseest

168 4227 217 4282 dias
240 4227 365 4290 FMVL,
396 4226 457 4296 quia
480 4223 530 4280 dn'as
546 4227 603 4296 ipse
621 4228 663 4279 est
687 4225 717 4288 0,
748 4225 887 4294 quicuprae
910 4221 1025 4278 estsine
1050 4222 1074 4278 S
1173 4222 1204 4276 l‘l
1230 4221 1296 4276 mol·

166 4312 227 4367 linit
252 4312 395 4369 Fulvus
500 4313 587 4368 mbo
612 4311 680 4366 Item
698 4341 731 4350 —
753 4311 790 4366 itt
815 4309 1060 4378 adpmximauernnt
1077 4337 1111 4350 -
1129 4339 1161 4348 -
1180 4311 1296 4378 439,12

166 4399 303 4454 occisionis
321 4415 372 4454 om.
394 4400 420 4453 V
