3159 4967
291 417 358 482 204
674 411 700 466 S.
718 409 836 466 Aureli
853 407 1039 478 Augustini

293 601 405 667 ludaei
428 602 462 664 et
476 599 601 668 (trasei.
635 617 708 664 narn
730 598 816 664 idem
833 597 977 662 dominus
994 595 1143 672 omnium,
1161 594 1251 661 dines
1266 595 1297 660 in
1314 613 1423 662 omnes

294 705 347 787 qui
369 703 519 768 inuocant
538 702 638 767 illum.
674 701 775 766 omnis
790 701 873 766 enim
890 699 1080 782 quicumque
1095 697 1293 764 inuocauerit
1308 717 1422 764 nomen

295 807 413 872 domini
434 806 543 872 saluus
567 805 635 869 erit.
672 804 723 870 Et
745 803 825 868 alio
847 803 953 868 loeo:
979 802 1027 867 Tu
1051 802 1157 867 autem
1180 801 1243 868 fide
1267 802 1331 866 stu:
1358 801 1422 867 noli

295 909 394 974 altum
416 928 536 992 supere,
560 907 617 972 sed
634 907 721 973 time.
758 909 786 972 si
811 907 893 972 enim
916 906 995 970 deus
1023 905 1220 970 naturahbus
1241 905 1338 970 rumis
1361 923 1422 968 non

294 1014 444 1096 pepercit,
473 1032 512 1078 ne
540 1011 620 1077 forte
651 1029 708 1076 neo
735 1010 795 1076 tibi
822 1007 959 1092 pareat'
979 1008 1053 1074 uide
1083 1026 1158 1092 ergo
1185 1009 1359 1076 bonitatem
1391 1007 1462 1070 ets

294 1116 497 1180 seueritatem
527 1115 596 1180 dei:
623 1115 656 1178 in
684 1131 738 1178 eos
766 1111 894 1196 quidem
923 1112 978 1194 qui
1000 1112 1183 1180 oeciderunt
1206 1113 1421 1186 seueritatem,

292 1219 324 1282 in
347 1220 380 1282 te
403 1219 509 1284 antem
524 1217 708 1293 honitatem,
732 1216 759 1281 si
773 1216 984 1298 permanseris
998 1216 1031 1279 in
1046 1215 1196 1282 bonitate.
1234 1216 1282 1282 lit
1303 1213 1422 1297 paulo

293 1323 398 1403 post:
422 1320 561 1386 Obsooro
583 1321 692 1402 itaque
713 1337 781 1398 nos,
804 1319 929 1396 fratres,
952 1336 1008 1400 per
1029 1318 1280 1384 misericordiam
1301 1318 1362 1396 dei,
1386 1318 1422 1380 ut

294 1425 467 1491 exhibeatis
489 1443 620 1506 corpora
649 1424 758 1488 uestra
778 1423 916 1488 hostiam
946 1423 1064 1502 uiuam,
1089 1423 1242 1500 sanetum,
1267 1422 1326 1488 deo
1349 1420 1421 1502 pla-

293 1529 426 1607 centem,
448 1526 635 1594 rationabile
659 1527 844 1609 obsequium
867 1527 1018 1591 uestrum.
1057 1528 1089 1590 et
1111 1527 1208 1592 nolite
1232 1523 1421 1592 eoniormari
1435 1541 1461 1582 ιο

292 1631 364 1695 huie
394 1632 532 1709 saeoulo,
558 1630 617 1696 sed
643 1629 857 1695 reformemini
879 1630 911 1694 in
933 1630 1075 1696 nouitate
1106 1649 1218 1696 sensus
1245 1627 1361 1694 uestri:
1385 1627 1422 1691 ut

291 1734 430 1816 prohetia
459 1753 540 1817 quae
569 1734 612 1798 sit
640 1733 788 1799 uoluntas
816 1733 868 1799 dei
896 1735 979 1798 bona
1010 1732 1042 1798 et
1063 1732 1192 1815 plueens
1216 1734 1249 1798 et
1269 1731 1419 1816 periente.

293 1835 365 1900 dieo
388 1837 470 1902 enim
492 1856 547 1920 per
568 1834 715 1919 gratiam,
740 1855 820 1918 quae
844 1835 920 1900 data
943 1836 992 1901 est
1013 1836 1100 1915 mihi,
1118 1836 1263 1902 omnibus
1278 1836 1331 1918 qni
1348 1835 1421 1900 sunt

290 1939 373 2004 inter
401 1959 469 2017 nos,
500 1958 560 2006 non
589 1939 660 2022 plus
682 1957 793 2020 sapere
820 1958 914 2023 quam
938 1939 1062 2021 oportet
1083 1957 1203 2022 sapere,
1228 1938 1286 2004 sed
1308 1956 1419 2020 sapere

293 2040 333 2107 ad
356 2042 569 2122 sobrietatem,
592 2042 761 2124 unicnique
784 2041 868 2106 siout
898 2041 975 2106 dens
999 2042 1108 2108 diuisit
1130 2060 1312 2108 mensurum
1333 2040 1419 2104 fidei.
1434 2060 1459 2100 1⁵

292 2145 375 2210 siout
404 2145 547 2210 enimin
577 2164 638 2210 nno
668 2163 797 2226 eorpore
827 2145 929 2210 multa
955 2147 1098 2211 membra
1128 2147 1291 2224 habemus,
1316 2143 1421 2209 omnia

292 2249 398 2314 autem
425 2249 568 2313 membra
595 2267 655 2312 non
685 2247 820 2314 eundem
850 2249 956 2312 aetum
984 2249 1111 2328 habent,
1140 2248 1187 2314 ita
1207 2248 1302 2313 multi
1323 2266 1420 2312 unum

291 2369 404 2433 eorpus
426 2370 535 2416 sumus
555 2351 588 2415 in
604 2351 739 2429 Christo,
763 2351 879 2434 singlsli
902 2352 1008 2417 autem
1024 2352 1105 2417 alter
1121 2351 1252 2418 alterius
1267 2353 1419 2428 membra,

292 2454 443 2520 habentes
465 2455 571 2520 autem
595 2454 779 2518 donationes
803 2453 976 2521 seeundum
998 2456 1145 2538 gratiam,
1170 2475 1250 2537 quae
1274 2454 1350 2520 data
1373 2455 1421 2519 est

291 2557 391 2636 nohis,
415 2557 608 2624 differentes:
632 2559 700 2622 sine
721 2558 929 2640 prophetiam,
953 2559 1127 2624 seeundum
1150 2559 1305 2625 rationem
1327 2557 1418 2622 fidei:
1433 2584 1458 2625 n

291 2663 359 2728 sius
380 2660 601 2740 ministerium,
624 2663 657 2726 in
678 2661 901 2726 ministrando:
925 2662 993 2727 siue
1016 2664 1070 2746 qui
1094 2663 1196 2742 docet,
1212 2664 1245 2728 in
1260 2664 1419 2729 doctrina:

292 2767 346 2848 qui
368 2765 559 2841 exhortatur,
582 2766 614 2830 in
631 2766 838 2832 exhortando:
862 2766 916 2850 qui
931 2767 1050 2844 hibuit,
1073 2769 1104 2832 in
1127 2769 1349 2851 simphoitate:
1367 2769 1421 2850 qui

290 2870 427 2950 praeest,
449 2871 482 2932 in
504 2868 735 2934 sollieitudine:
759 2870 813 2951 qni
835 2869 1013 2946 miseretur,
1036 2870 1068 2936 in
1091 2870 1261 2936 hilaritate.
1292 2871 1420 2936 dileetio

292 2971 359 3037 aine
375 2971 585 3036 simulatione.
609 2971 752 3038 odientes
766 2973 897 3050 malum,
916 2973 1123 3039 adhaerentes
1137 2975 1233 3041 bono:
1253 2973 1421 3040 caritatem

290 3073 496 3156 fraternitatis
518 3073 656 3138 inuieem
680 3073 858 3158 diligentes,
881 3077 997 3141 honore
1013 3075 1149 3142 inuicem
1164 3079 1420 3159 praeuenientes:
1434 3099 1460 3142 a

293 3174 505 3241 sollieitudine
533 3195 593 3241 non
622 3177 719 3260 pigri:
748 3178 860 3260 spiritu
888 3176 1057 3258 feruentes,
1086 3180 1210 3246 domino
1234 3181 1419 3258 seruientes,

292 3297 347 3361 spe
374 3279 560 3362 gaudentes,
593 3280 624 3343 in
654 3280 857 3346 tribulatione
890 3282 1056 3365 patientes,
1092 3284 1224 3350 orationi
1253 3285 1432 3362 instantes,

291 3381 534 3447 necessitatibus
557 3383 738 3448 sanctornm
766 3386 1044 3466 communicantes,
1072 3387 1323 3471 hospitahtatem
1346 3406 1419 3452 see·-

290 3486 405 3550 tantes.
443 3487 621 3551 benedicite
643 3489 915 3571 persequentibus,
938 3490 1118 3556 benedicito
1143 3492 1175 3555 et
1196 3491 1294 3556 nolite
1315 3491 1419 3556 male·

391 3655 650 3722 2ο1.1011612,32
669 3659 702 3729 (3,
723 3661 748 3728 5)
852 3661 1147 3728 3R0m.11‚20-22
1251 3663 1359 3718 8Rom.
1379 3663 1420 3726 12,

291 3743 374 3798 1-21
393 3746 421 3797 et
437 3744 512 3800 Rom.
531 3743 573 3811 13,
593 3747 678 3799 1-14
696 3749 724 3800 et
741 3747 815 3802 Rom.
835 3749 876 3812 14,
897 3749 980 3804 1-23
999 3753 1027 3803 et
1043 3749 1118 3805 Rom.
1138 3751 1179 3814 15,
1199 3751 1264 3804 1-7

341 3899 357 3952 9
374 3900 472 3969 ninum]
490 3890 542 3968 ''ui
560 3901 604 3964 M,
631 3917 772 3956 umentem
789 3903 901 3959 PRSov
997 3906 1030 3959 10
1046 3906 1238 3961 rationabilem
1255 3908 1293 3961 111
1384 3909 1421 3978 etl

289 4001 340 4039 om.
358 3986 393 4040 P'
469 3986 500 4041 ll
518 3987 705 4058 reformemini]
724 4005 887 4044 renouamsm
904 3991 932 4046 R
1007 3992 1039 4045 12
1056 3993 1173 4063 plneens]
1192 3994 1368 4063 beneplacens
1383 3997 1421 4052 P*

290 4072 349 4126 osv
448 4074 481 4126 15
498 4074 522 4128 h
539 4089 678 4142 umeurqne
696 4075 749 4129 P'o
853 4076 886 4131 18
904 4079 1016 4132 sumni.¹
1037 4085 1130 4148 eorpus
1146 4078 1169 4132 S
1263 4080 1296 4132 20
1313 4080 1421 4150 pphhrn

290 4158 350 4212 Mo
424 4159 459 4212 23
476 4159 652 4214 drleorronem
669 4161 753 4225 MP,
781 4162 929 4218 drleorrone
948 4164 971 4218 0
1046 4165 1080 4218 24
1097 4165 1170 4220 bonu
1189 4165 1248 4221 Mo
1323 4167 1357 4221 25
1375 4168 1421 4223 ho·

289 4260 379 4298 norem
397 4246 496 4301 MP¹G
597 4246 630 4299 26
649 4247 857 4304 rossrurndrnem
875 4251 938 4306 MC
1035 4252 1068 4306 21
1087 4253 1200 4307 orationi
1217 4254 1351 4309 instantes
1369 4272 1420 4312 om.

289 4331 413 4387 MP¹CR
469 4363 473 4368 -
517 4332 550 4386 29
566 4333 793 4404 persequentibus]
812 4342 859 4390 uos
874 4337 940 4391 odd.
960 4337 1083 4394 moriae
