3159 4967
269 475 382 524 xuv111

269 642 477 726 imprimenda
506 644 625 708 curaui.
664 646 722 708 hoc
752 643 825 710 ideo
856 644 1024 709 dicendum
1046 644 1123 709 mihi
1144 646 1281 724 uidetur,
1314 650 1399 731 quod

269 748 477 833 Hieronymus
500 748 630 831 Vignier
659 749 691 813 in
715 747 902 813 excudendo
925 748 1036 814 codice
1057 751 1118 833 μ’)
1147 749 1215 813 tam
1238 768 1298 814 non
1323 750 1398 815 dili-

269 852 380 934 genter
412 852 558 917 uersatus
592 854 650 931 est,
685 852 721 917 ut
753 852 839 917 nullo
869 851 963 917 modo
983 852 1090 917 textus
1114 871 1132 916 a
1153 872 1205 917 me
1230 853 1333 919 editus
1358 856 1396 919 ad

271 956 337 1020 eius
362 956 530 1020 editionem
562 953 695 1021 iudicari
722 956 831 1037 possit
869 955 901 1019 in
923 954 1140 1037 imprimendis
1164 957 1269 1021 autem
1291 958 1399 1023 uerbis

268 1059 454 1144 typographi
476 1060 626 1124 uolebant
649 1077 686 1125 ea
709 1076 789 1141 quae
813 1060 851 1125 de
874 1058 993 1124 codicis
1014 1059 1166 1125 mendosa
1187 1059 1333 1138 lectione,
1359 1060 1398 1125 de

269 1164 397 1243 rasuris,
422 1164 462 1228 de
485 1162 673 1227 correcturis
697 1162 878 1229 adnotanda
896 1160 1086 1227 uidebantur
1101 1160 1223 1228 uncinis
1240 1162 1397 1247 angulatls

269 1266 357 1331 hisce
384 1268 432 1353 <>
458 1266 581 1331 inclusa
610 1266 640 1329 in
669 1265 792 1329 textum
820 1264 927 1342 inseri,
958 1284 1030 1330 cum
1059 1265 1140 1351 infra
1163 1265 1397 1331 adnotationem

269 1370 325 1435 illa
359 1388 419 1435 non
452 1388 545 1453 posse
579 1370 646 1433 siue
676 1387 799 1433 summa
823 1368 1010 1433 difficultate
1032 1370 1105 1453 poni
1129 1369 1278 1434 dicerent.
1313 1366 1398 1451 qnod

269 1491 320 1537 me
345 1471 509 1539 admisisse
533 1472 682 1555 paenitet,
706 1491 897 1556 quamquam
920 1490 1000 1554 quae
1025 1473 1056 1537 in
1081 1498 1101 1538 α
1125 1474 1156 1537 et
1178 1497 1201 1556 μ
1223 1470 1399 1556 supplenda

270 1576 458 1642 uidebantur
480 1576 595 1641 litteris
620 1575 659 1640 ad
684 1576 844 1639 dexteram
868 1574 1026 1641 inclinatis
1051 1575 1209 1657 descripta
1231 1577 1313 1640 suut.

312 1700 348 1763 In
379 1694 607 1763 constituendis
636 1694 887 1761 testimoniorum
914 1696 1020 1763 uerbis
1043 1716 1115 1761 cum
1137 1697 1234 1762 tantis
1258 1694 1396 1761 difficul-

270 1802 388 1867 tatibus
418 1800 607 1881 implicarer‚
638 1818 698 1863 non
727 1800 829 1883 potuit
859 1819 919 1865 non
949 1800 1048 1865 uideri
1081 1800 1231 1883 optimum
1261 1797 1398 1863 remita

270 1904 443 1977 instituere,
461 1904 496 1966 ut
512 1902 653 1967 codicem
670 1901 690 1967 S
707 1903 897 1986 ubicumque
913 1904 983 1968 lieri
998 1903 1100 1987 potuit
1117 1902 1228 1967 ducem
1247 1902 1396 1985 eligerem

271 2011 400 2092 eiusque
429 2006 566 2089 uestigia
595 2024 779 2088 premerem.
819 2026 880 2088 qua
906 2005 938 2069 in
961 2008 1050 2090 parte
1073 2008 1140 2069 tam
1162 2005 1300 2070 fideliter
1322 2024 1397 2069 uer-

271 2115 359 2179 satus
382 2130 460 2187 sum,
497 2109 531 2173 ut
554 2128 592 2173 ue
619 2108 652 2174 in
676 2109 721 2173 eis
745 2108 870 2191 quidem
895 2108 1092 2184 testimoniis,
1126 2110 1158 2173 in
1182 2110 1294 2191 quibus
1318 2108 1398 2172 Vul-

270 2218 364 2299 gatae
394 2213 489 2279 lectio
522 2211 710 2293 agnoscitur,
744 2213 782 2277 ab
805 2211 860 2277 illo
883 2232 933 2276 me
955 2212 1105 2277 recedere
1129 2230 1220 2295 posse
1242 2212 1395 2295 putarem.

271 2320 458 2400 ubicumque
489 2334 564 2379 uero
594 2314 735 2378 codicem
760 2312 779 2379 S
806 2317 860 2378 aut
889 2315 1014 2397 propter
1043 2314 1174 2378 lacunas
1197 2314 1396 2378 librariorum

271 2420 471 2505 neglegentia
502 2418 587 2482 ortas
618 2416 751 2481 delicere
780 2418 835 2481 aut
857 2418 1030 2500 perspicuis
1051 2415 1397 2490 librariornmmendis

272 2524 479 2590 deformatum
496 2540 565 2586 esse
582 2520 740 2597 uidebam‚
764 2520 902 2603 reliquos
918 2520 1044 2584 codices
1059 2519 1091 2585 in
1108 2520 1257 2585 auxilium
1272 2520 1395 2585 uocaui.

271 2627 355 2712 quod
378 2646 404 2692 e.
428 2643 457 2708 g.
489 2622 607 2688 factum
641 2624 689 2687 est
711 2622 784 2699 307,
810 2624 923 2687 7-17.
947 2624 1020 2699 320,
1046 2623 1094 2687 11.
1119 2623 1192 2702 326,
1216 2622 1245 2686 5.
1269 2622 1342 2702 328,
1366 2626 1396 2687 4.

270 2734 342 2809 333,
367 2728 481 2795 3-19.
513 2726 585 2803 365,
611 2726 659 2791 14.
690 2726 763 2803 414,
788 2728 817 2791 8.
849 2726 922 2802 428,
944 2731 974 2789 4.
999 2725 1072 2804 431,
1098 2726 1147 2791 13.
1171 2726 1244 2803 434,
1267 2726 1297 2789 2.
1320 2725 1396 2801 436,

273 2840 320 2903 11.
355 2832 504 2910 437,16.
538 2830 664 2907 444,1.
699 2829 772 2907 473,
799 2828 848 2893 13.
872 2827 945 2907 540,
969 2827 998 2892 6.
1022 2828 1095 2904 590,
1117 2829 1147 2893 5.
1172 2829 1245 2906 592,
1269 2829 1298 2893 3.
1321 2828 1397 2902 592,

273 2938 321 3005 10.
355 2937 428 3012 610,
454 2933 502 2999 10.
537 2933 610 3010 614,
634 2932 663 2996 9.
699 2930 771 3009 630,
796 2933 825 2997 8.
850 2932 922 3010 631,
946 2934 974 2998 3.
999 2931 1072 3009 638,
1096 2932 1125 2997 5.
1149 2930 1222 3008 648,
1249 2934 1297 2997 11.
1322 2930 1395 3008 600,

275 3042 321 3109 10.
345 3039 418 3114 662,
442 3038 471 3102 3.
496 3035 568 3113 662,
592 3036 621 3099 8.
645 3032 717 3110 670,
737 3034 893 3112 11-671,
911 3037 940 3098 1.
962 3034 1081 3104 6745.
1106 3034 1179 3112 691,
1196 3034 1225 3099 3.
1256 3034 1287 3098 in
1303 3034 1396 3099 rebus

272 3146 377 3211 eutem
402 3138 649 3222 orthographicis
672 3139 917 3201 consentaneum
948 3138 1016 3201 erat
1041 3138 1205 3216 uulgarem
1227 3137 1396 3201 latinitatis

271 3244 501 3313 deformitatem
526 3240 628 3323 qualis
650 3241 681 3303 in
698 3258 858 3305 sacrorum
881 3240 1030 3305 librorum
1054 3240 1217 3304 codicibus
1240 3240 1395 3321 antiquis-

272 3352 359 3417 simis
383 3345 561 3430 agnoscitur
585 3344 714 3416 seruari,
739 3343 795 3407 sed
815 3360 884 3406 cnm
903 3342 1044 3424 plurimis
1060 3342 1207 3424 periculis
1223 3342 1396 3425 implicitus

270 3474 337 3519 rem
371 3448 517 3534 persequi
549 3466 608 3512 non
636 3464 728 3528 posse
758 3445 994 3520 intellexissem,
1030 3445 1069 3510 ab
1093 3446 1150 3509 hac
1174 3445 1252 3508 mihi
1273 3444 1395 3509 ratione

271 3553 482 3621 recedendum
507 3550 666 3633 putabam.
707 3548 860 3631 quidquid
891 3566 965 3613 uero
987 3549 1019 3612 in
1041 3549 1101 3614 hoc
1123 3566 1239 3631 genere
1262 3548 1396 3612 altcuius

271 3658 422 3725 momenti
444 3673 514 3720 esse
536 3652 711 3729 uidebatur,
735 3651 768 3715 id
790 3652 820 3715 in
846 3651 1079 3716 adnotationem
1102 3652 1217 3732 recepi.

313 3776 474 3862 Numquid
509 3774 546 3838 de
583 3774 709 3838 auctore
742 3774 835 3837 huius
864 3772 937 3837 libri
970 3773 1032 3836 iam
1068 3772 1290 3854 disputandum
1326 3773 1397 3837 est?

272 3884 355 3968 quod
378 3880 497 3965 pridem
524 3876 737 3941 demonstrari
761 3874 791 3940 S.
817 3878 1026 3959 augustinum
1046 3894 1106 3939 non
1131 3894 1200 3939 esse
1225 3876 1394 3949 auctorem,
1472 3918 1476 3923 -
1572 3907 1573 3912 1

272 3990 329 4052 1155
359 3987 422 4050 iam
452 3983 542 4046 tanta
573 3979 827 4061 argumentorum
856 3978 1057 4043 multitudine
1089 3978 1233 4043 euincere
1255 3996 1393 4061 possum,

296 4152 385 4159 ....—-.-
401 4151 472 4157 ....-..

376 4236 393 4301 ¹)
413 4234 438 4288 S.
456 4233 554 4287 Aurelii
572 4232 713 4300 Augustini
731 4231 908 4300 Hipponensis
931 4231 1045 4300 episcopi
1068 4246 1173 4299 operum
1195 4229 1310 4283 omnium
1334 4230 1397 4281 ante

273 4338 368 4377 anuum
385 4318 420 4374 bl.
439 4318 494 4375 Dc.
513 4318 582 4372 XIV.
611 4316 739 4371 editorum
766 4316 980 4386 supplementum
1005 4314 1178 4387 Hieronymus
1200 4314 1340 4384 Vignier
1366 4329 1397 4367 ex

273 4407 404 4462 codicibus
423 4404 497 4459 eruit.
515 4409 534 4459 t.
554 4403 573 4458 1.
592 4402 675 4457 Paris.
694 4402 768 4458 1654.
788 4404 815 4456 iu
833 4402 877 4456 fol.
896 4420 920 4471 p.
939 4401 1082 4456 ars-546.
