3159 4967
634 395 815 465 Speculum
1228 397 1289 462 111

163 586 331 653 obsedent
353 603 461 651 coram
487 584 520 650 te
548 584 682 668 populus
709 602 800 650 meus
830 585 863 648 et
885 582 1017 649 audiunt
1038 601 1198 650 sermones
1219 585 1291 650 tuos

165 690 198 755 et
221 708 282 756 uon
303 689 426 754 faciunt
448 707 519 754 eos:
541 689 617 770 quia
636 689 670 754 in
691 689 850 754 canticum
874 687 936 754 oris
958 687 1008 754 eui
1022 688 1151 754 uertunt
1172 687 1244 754 illos
1260 689 1293 752 et

169 792 335 880 auaritiam
357 809 449 857 suam
471 791 612 874 sequitur
634 809 688 857 cor
711 809 828 857 conum.
873 791 906 855 et
928 810 962 856 os
985 790 1030 858 eis
1052 791 1144 874 quasi
1165 809 1292 856 carmen

166 895 333 974 musicum,
356 894 443 977 quod
464 894 556 960 euaui
579 893 727 976 dulcique
749 911 825 960 sono
841 893 981 960 canitur:
1005 894 1038 958 et
1053 894 1182 960 audient
1196 895 1294 960 uerba

135 1001 223 1064 atus
245 998 277 1064 et
298 1017 359 1063 nou
380 996 500 1062 facient
521 1015 568 1062 ea.
607 997 640 1060 et
653 1015 728 1062 cum
741 995 864 1062 uenerit
879 995 963 1078 quod
975 996 1173 1078 praedictum
1189 997 1238 1064 est
1252 1035 1295 1048 -

168 1120 242 1168 occe
266 1101 350 1166 onim
371 1100 459 1166 uenit
486 1137 530 1148 -
550 1099 626 1164 tuuc
655 1098 757 1164 scient
785 1098 869 1181 quod
896 1099 1064 1180 prophetes
1092 1099 1187 1164 buerit
1213 1099 1296 1164 inter

168 1225 232 1272 eos
268 1205 311 1270 Et
325 1202 445 1270 iactum
468 1203 518 1267 est
538 1203 672 1268 uerbum
687 1202 805 1268 domiui
821 1201 861 1266 ad
875 1219 927 1266 me
943 1201 1067 1268 diceus:
1089 1201 1136 1268 fili
1149 1203 1294 1280 hominis,

168 1309 321 1391 propbeta
342 1306 383 1372 do
404 1305 583 1389 pastoribus
605 1306 738 1383 lsrabel,
760 1305 913 1388 propbeta
936 1305 968 1369 et
990 1304 1077 1371 dices
1101 1305 1295 1388 pastoribus:

168 1412 247 1477 baec
263 1409 342 1474 dicit
356 1409 501 1476 dominus
515 1408 611 1474 deust
633 1427 694 1474 uae
707 1407 888 1490 pastoribus
902 1407 1034 1487 Isrcbel,
1057 1408 1112 1490 qui
1125 1410 1299 1491 pascebant

127 1538 156 1578 ro
169 1513 271 1578 semet
284 1513 380 1595 ipsos,
402 1530 503 1576 nosue
525 1528 639 1594 greges
658 1510 832 1592 pascuntur
855 1529 875 1574 a
894 1509 1094 1591 pastoribus?
1114 1511 1165 1576 lac
1188 1529 1297 1576 come·

172 1615 295 1681 debetis
318 1613 350 1679 et
363 1614 445 1679 lanis
461 1613 687 1696 operiebamini
701 1615 736 1677 et
751 1613 838 1697 quod
852 1631 995 1680 crassum
1009 1613 1079 1680 erut
1093 1612 1296 1694 occidebatis,

170 1735 300 1802 gregem
333 1717 440 1782 autem
467 1735 575 1782 meum
602 1736 663 1782 uon
696 1716 885 1799 pascebatis.
931 1716 1016 1800 quod
1047 1715 1206 1782 infirmum
1239 1715 1299 1782 brit

170 1839 230 1886 non
245 1819 477 1899 consolidastis,
494 1820 527 1885 et
540 1820 627 1903 quod
641 1820 806 1903 aegrotum
827 1837 887 1886 non
906 1819 1051 1898 sanastis,
1068 1819 1153 1902 quod
1163 1818 1298 1884 fractum

172 1923 302 1989 estnon
325 1921 490 2005 alligastis,
519 1923 553 1988 et
574 1923 659 2006 quod
680 1923 840 1990 abiectum
862 1923 911 1988 est
932 1940 993 1987 non
1012 1921 1191 2000 reduxistis,
1216 1921 1300 2005 quod

131 2051 160 2092 1⁵
171 2025 308 2108 perierat
334 2045 397 2091 nou
426 2026 611 2108 quaesistis:
640 2026 698 2090 sod
724 2043 798 2091 cum
822 2023 1006 2091 austeritate
1027 2024 1230 2107 imperabatis
1254 2024 1300 2090 eis

173 2129 206 2192 et
227 2128 471 2212 competentia
518 2131 551 2193 et
575 2128 737 2212 dispersae
759 2129 833 2194 sunt
851 2146 926 2194 oues
948 2146 1049 2207 meae,
1074 2147 1110 2194 eo
1133 2127 1218 2211 quod
1239 2145 1300 2192 nou

174 2234 259 2297 esset
272 2233 394 2315 pastor:
419 2233 452 2296 et
464 2232 569 2298 sactae
584 2234 657 2299 sunt
671 2233 703 2297 in
721 2233 956 2298 decorationem
971 2231 1111 2296 omnium
1128 2232 1301 2298 bestiarum

175 2335 243 2418 agri
266 2335 299 2399 et
320 2334 481 2417 dispersae
503 2335 586 2400 eunt
631 2335 665 2400 et
687 2336 871 2400 ensuerunt
898 2353 1011 2418 greges
1039 2335 1102 2399 mei
1123 2335 1155 2399 in
1178 2335 1300 2400 cunetis

174 2437 333 2504 montibus
356 2440 388 2502 et
408 2438 442 2502 in
466 2439 612 2504 uniuerso
633 2437 716 2502 colle
732 2437 867 2516 excelso,
892 2438 924 2502 et
940 2455 1034 2520 super
1049 2455 1173 2502 omnem
1187 2437 1302 2502 faciem

133 2541 279 2605 aotcrrae
302 2540 435 2624 dispersi
457 2541 531 2606 suut
553 2557 666 2623 greges
688 2541 761 2605 mei.
807 2541 840 2604 et
861 2557 921 2604 non
946 2539 1015 2603 erat
1036 2539 1090 2621 qui
1111 2539 1300 2622 requireret:

176 2661 236 2707 non
259 2642 336 2721 erat,
359 2643 498 2726 inquam,
523 2643 577 2725 qm
598 2643 782 2726 requireret
820 2640 995 2724 propterea,
1018 2641 1171 2723 pastores,
1195 2641 1301 2706 audite

175 2744 308 2809 uerbum
330 2745 464 2811 domini:
488 2745 562 2811 uim
586 2763 656 2828 ego,
686 2745 765 2812 dicit
795 2744 938 2811 dominus
968 2742 1055 2823 deus,
1085 2744 1159 2826 quia
1186 2763 1241 2827 pro
1265 2761 1301 2808 eo

174 2845 259 2929 quod
279 2845 357 2912 iacti
379 2848 453 2912 sunt
472 2865 586 2931 greges
608 2847 672 2913 mei
692 2846 724 2912 in
752 2848 894 2930 rapinam
923 2845 956 2910 et
978 2864 1054 2911 oues
1076 2865 1166 2912 meae
1187 2847 1219 2912 in
1243 2847 1301 2911 de-

174 2949 369 3015 uorationem
392 2950 531 3015 omnium
552 2949 725 3015 bestiarum
748 2950 825 3033 agri,
850 2968 887 3015 eo
910 2947 995 3031 quod
1009 2968 1070 3015 non
1087 2950 1171 3015 esset
1185 2949 1301 3032 pastor,

133 3073 162 3114 ss
174 3070 276 3134 neque
298 3054 382 3118 enim
402 3053 605 3135 quaesierunt
626 3052 769 3136 pastores
790 3071 921 3136 gregem
942 3071 1058 3131 meum,
1083 3051 1140 3118 sod
1160 3052 1302 3135 pastores

176 3155 349 3236 pascebant
363 3156 465 3221 semet
478 3156 564 3238 ipsos
577 3155 610 3220 et
620 3174 734 3239 greges
744 3175 833 3222 meos
848 3175 908 3221 non
924 3155 1112 3238 poscebant:
1128 3155 1302 3238 propterea,

228 3358 241 3412 l
262 3358 377 3413 audranr
395 3359 504 3415 MP¹O¹
573 3359 803 3414 amoenorum
821 3359 859 3414 M
929 3361 999 3414 cant.
1018 3360 1078 3429 oris]
1097 3363 1209 3414 cannot
1227 3365 1306 3413 morrr

177 3442 201 3498 S
293 3443 402 3500 u’rcrdu
420 3445 448 3501 R
543 3446 613 3516 illos]
632 3462 677 3501 eos
695 3447 734 3500 P¹
831 3445 970 3500 Scarmen
986 3449 1056 3512 (men
1073 3446 1105 3499 in
1121 3446 1192 3513 ras.)
1212 3445 1239 3500 P

176 3530 403 3587 lmusrcorumR
471 3531 652 3602 quodirrrce.
665 3533 693 3587 P
760 3539 824 3587 sonu
836 3533 869 3588 0¹
936 3531 1102 3586 audiuntur
1171 3529 1305 3585 blaciunt

178 3632 214 3670 oo
280 3616 521 3686 pdrcardMP¹Sa
589 3618 703 3689 danim]
720 3635 771 3674 om.
784 3620 822 3673 P¹
889 3618 1035 3688 ppbsaP¹
1110 3616 1143 3670 10
1160 3617 1304 3671 commede-

176 3700 257 3756 barrl
273 3701 337 3756 MP
438 3705 469 3759 ll
494 3715 552 3759 ent
569 3704 638 3761 Mc*
741 3703 911 3774 occidebatis]
936 3704 1121 3759 comedebant
1139 3710 1239 3774 (comm.
1258 3705 1303 3772 M)

178 3787 291 3844 MPCR
372 3788 404 3842 13
422 3789 492 3859 quod
509 3791 568 3860 alt]
587 3807 639 3860 qua
656 3790 692 3846 Ρ1
779 3789 813 3844 14
831 3791 880 3860 est]
898 3789 956 3845 fuir
974 3792 1011 3845 ΡΙ
1099 3790 1168 3860 quod
1180 3792 1235 3861 pt]
1254 3805 1304 3844 om.

179 3874 217 3928 Ρι
283 3890 408 3943 plectum
426 3877 462 3930 ΡΙ
533 3877 565 3932 17
584 3876 675 3932 ellonu
692 3876 739 3940 P¹‚
757 3881 802 3930 err
820 3876 848 3933 R
916 3876 995 3932 facta
1012 3884 1056 3932 esu
1074 3876 1113 3932 ΡΙ
1182 3877 1305 3945 omnium]

178 3958 313 4014 hommum
335 3961 401 4026 Md,
429 3964 530 4020 6er
634 3962 666 4017 18
690 3961 819 4034 dulpr
925 3963 957 4018 18
975 3963 1052 4018 esso
1074 3963 1240 4032 gregrlMP

181 4047 214 4099 19
231 4045 310 4101 colle*
332 4048 359 4101 P
459 4041 495 4104 21
510 4051 611 4105 cerba:
627 4065 681 4104 non
699 4065 736 4104 cr.
752 4049 859 4118 inquam
878 4065 901 4118 q.
924 4050 1067 4118 requireret
1084 4065 1134 4104 om.
1153 4049 1238 4106 MGR

179 4147 300 4201 requuer
318 4133 354 4187 P¹
423 4134 457 4188 23
475 4135 554 4206 quod]
574 4151 639 4205 quae
658 4135 695 4189 P¹
766 4134 836 4204 quod
852 4141 944 4204 greges
960 4152 1011 4188 mer
1029 4133 1092 4188 datr
1109 4137 1158 4189 litt
1175 4142 1308 4205 mrapuri

180 4218 209 4273 R
276 4226 364 4288 gregrl
379 4222 407 4275 P
473 4221 662 4276 deuoracrone*
681 4221 719 4274 M
794 4218 827 4272 24
845 4229 897 4274 omr
914 4221 942 4276 R
1023 4219 1100 4290 quod]
1120 4236 1185 4290 quae
1203 4220 1240 4274 Ρι

180 4308 215 4362 26
231 4301 381 4377 pascebant
396 4310 520 4376 parrorel
538 4307 595 4362 Soa
679 4307 762 4360 semet
780 4305 851 4374 ipsos
867 4336 902 4346 —
920 4337 953 4346 -
970 4305 1115 4375 pascebant
1133 4322 1183 4362 om.
1202 4307 1239 4361 Ρι
