3159 4967
322 432 386 514 686
546 446 591 499 De
610 444 737 497 diuinis
756 445 941 513 scripturis
958 445 1032 497 siue
1049 441 1233 513 Speculum.

323 631 459 697 caudam
480 632 617 697 inuicem
633 632 725 710 binis,
751 634 783 696 et
805 632 911 716 posuit
931 632 1098 715 lampadas
1113 631 1256 714 singulas
1277 632 1362 696 inter
1377 632 1446 695 duas

323 734 443 800 caudas
465 734 497 799 iu
519 732 669 815 medium,
701 736 734 799 et
756 734 921 801 succendit
948 734 1116 819 lampadas
1136 736 1204 818 igni
1227 737 1260 801 et
1282 733 1401 800 dimisit
1419 736 1445 797 in

322 838 483 921 manipula
513 838 778 923 alienigenarum:
814 841 846 903 et
875 839 1042 905 succendit
1071 839 1160 922 spica
1187 856 1298 904 eornm
1322 838 1356 901 et
1376 857 1446 919 qnae

322 941 434 1008 metita
468 942 566 1021 erant,
601 941 657 1008 sed
681 944 713 1007 et
734 942 845 1008 uineas
868 942 901 1007 et
923 943 1050 1009 olineta.
1095 943 1197 1007 Item
1226 940 1265 1006 in
1291 941 1446 1005 cantica

323 1044 586 1113 canticorum:
625 1046 737 1130 Capite
770 1047 860 1112 nohis
893 1046 1007 1129 uulpes
1040 1046 1174 1128 pusillas
1209 1045 1473 1109 exterminantes

322 1148 458 1214 uincam.
502 1150 603 1214 Item
633 1148 670 1214 in
693 1150 886 1215 hieremia
907 1149 1116 1233 propheta:
1146 1148 1224 1214 Ideo
1255 1147 1379 1212 iactum
1406 1148 1445 1211 est

322 1252 354 1317 in
385 1252 492 1318 dolore
523 1272 577 1319 cor
607 1252 758 1333 nostrum,
796 1254 829 1318 et
850 1253 976 1335 propter
1006 1252 1065 1317 hoc
1090 1251 1251 1317 obscurati
1274 1250 1446 1316 suntoculi

322 1356 431 1435 nostri,
467 1376 560 1440 super
592 1357 732 1422 montem
765 1355 843 1435 sion,
878 1356 952 1439 quia
986 1354 1212 1420 exterminatus
1246 1356 1307 1435 est,
1346 1354 1447 1436 umpcs

321 1459 512 1525 transierunt
548 1478 604 1543 per
646 1478 726 1525 eum.
785 1460 886 1525 Item
923 1458 960 1523 in
998 1457 1197 1524 ezechiel:
1249 1459 1343 1524 Haec
1380 1458 1446 1523 dicit

323 1562 482 1629 dominus:
506 1583 566 1629 uae
589 1564 638 1629 his
661 1563 714 1646 qui
737 1564 926 1648 prophetant
949 1562 988 1628 de
1011 1561 1107 1627 corde
1123 1580 1180 1627 suo
1197 1562 1230 1626 et
1245 1562 1375 1628 omnino
1396 1580 1472 1625 nono

322 1665 445 1731 uident!
480 1667 563 1733 sicut
595 1667 706 1750 uulpes
740 1667 771 1732 in
796 1668 922 1732 deserte
951 1666 1122 1750 prophetae
1144 1665 1202 1743 cui,
1225 1662 1360 1732 israhel.
1395 1684 1446 1729 non

322 1768 477 1834 steterunt
498 1769 529 1834 in
553 1770 760 1847 firmamento,
786 1770 818 1834 et
840 1770 1075 1853 congregabant
1088 1787 1198 1853 regem
1214 1788 1313 1852 super
1330 1769 1445 1833 domun

321 1870 447 1937 israhel
486 1892 546 1938 non
577 1876 778 1938 surrexerunt
808 1874 861 1957 qui
889 1872 1031 1938 dicerent
1052 1874 1083 1938 in
1108 1873 1159 1938 die
1183 1873 1314 1938 domini.
1361 1874 1447 1936 Item

324 2137 431 2193 centes.
476 2134 975 2211 lucenteenticorumcap.
1074 2135 1225 2210 :Capiete
1247 2136 1336 2196 nobis
1359 2134 1446 2208 uulpes

323 2220 444 2295 pusillas
478 2222 694 2280 exterminantes
727 2222 838 2281 uineas.
881 2222 922 2281 In
954 2222 1132 2281 hieremia
1164 2239 1238 2296 cap.
1351 2242 1359 2279 :
1389 2220 1473 2278 Ideon

324 2306 430 2366 iactum
452 2309 497 2365 est
519 2308 548 2366 in
572 2308 664 2366 dolore
687 2324 734 2366 cor
754 2311 882 2367 nostrum
903 2325 1017 2381 usque
1043 2308 1144 2382 uulpes
1166 2307 1352 2367 ambularunt
1373 2322 1447 2381 super

323 2410 394 2452 eum.
440 2392 481 2451 In
511 2393 655 2452 enochil
685 2410 759 2467 cap.
848 2412 855 2450 :
885 2394 963 2453 Haec
992 2394 1062 2453 dicit
1084 2394 1230 2452 dominus:
1259 2411 1318 2453 nae
1339 2395 1385 2453 his
1405 2392 1446 2466 qui

323 2478 493 2555 prophetant
527 2478 560 2537 de
594 2478 674 2537 corde
709 2494 760 2538 suo
782 2482 811 2537 et
833 2481 945 2538 omnino
978 2495 1034 2537 nou
1066 2480 1166 2538 uident
1194 2482 1270 2538 sicut
1299 2478 1446 2555 uulpesiu

269 2766 293 2824 μ
322 2767 338 2797 s
359 2738 459 2797 uinces
482 2740 642 2812 quoquest
665 2738 769 2797 oliueta
789 2738 902 2797 flamma
922 2740 1107 2798 consumeret.
1142 2738 1184 2798 In
1207 2738 1358 2797 cantica
1379 2754 1446 2797 can·

322 2823 476 2883 ticornm
498 2840 572 2899 cap.
663 2842 670 2880 ε
701 2824 799 2899 Capite
829 2825 911 2883 nobis
940 2824 1042 2899 uulpes
1066 2824 1211 2899 pamulae,
1243 2840 1320 2897 quae
1343 2822 1473 2883 donch-o

322 2911 408 2968 untur
428 2909 538 2968 uineas.
575 2910 615 2967 In
636 2908 899 2968 lamentatione
921 2910 1116 2970 hieremiae
1139 2928 1213 2984 cap.
1305 2930 1315 2967 ε
1338 2910 1444 2984 Prophe

323 3012 372 3053 rea
386 2997 522 3054 maenum
546 2995 652 3054 tactum
667 2997 712 3053 est
727 3012 774 3054 cor
787 2998 916 3054 nostrum
938 3012 1051 3070 usque
1073 3024 1105 3056 a
1119 2995 1220 3071 uulpes
1236 2996 1446 3055 ambulauerunt
1526 3031 1527 3072 i

322 3080 352 3137 in
375 3097 416 3139 eo.
461 3080 502 3139 In
532 3080 680 3140 esechil
710 3096 782 3156 cap.
873 3101 880 3138 :
913 3080 993 3141 Haec
1022 3080 1092 3141 dicit
1120 3082 1249 3140 dominus
1279 3081 1370 3141 deus:
1400 3096 1445 3138 nee
1526 3083 1527 3160 l

322 3164 467 3240 prophetis
497 3166 708 3240 insipientibus,
739 3167 787 3242 qui
819 3169 975 3241 sequuntur
1005 3168 1134 3243 spiritum
1166 3184 1260 3250 suurn¹
1277 3184 1393 3242 usque
1419 3168 1445 3223 ul

422 3416 439 3469 5
458 3416 536 3472 Cant.
553 3416 579 3481 2,
600 3418 631 3471 15
711 3418 728 3471 6
746 3416 840 3472 Threu.
860 3418 884 3485 5,
903 3417 936 3470 17
949 3420 977 3472 et
990 3418 1022 3471 18
1103 3420 1120 3472 9
1138 3418 1232 3473 Erech.
1251 3417 1295 3481 18,
1313 3419 1384 3474 8—«5

373 3654 385 3709 1
412 3654 483 3711 binis
506 3671 558 3711 cm,
582 3654 699 3713 omo
801 3656 937 3726 lampades
958 3657 994 3709 V*
1095 3656 1113 3710 2
1135 3657 1164 3710 iu
1181 3656 1299 3712 medinm
1316 3674 1369 3713 cuc.
1390 3655 1448 3710 MV

321 3742 376 3797 LO
468 3742 524 3811 igni
541 3741 666 3811 lampada
684 3742 726 3805 1⁷¹,
753 3742 769 3797 i.
789 3742 939 3811 lampadem
955 3744 990 3797 V‘
1086 3742 1104 3796 8
1120 3744 1255 3812 manipula
1274 3744 1358 3808 8(τὰ
1374 3743 1444 3809 δράγ

320 3846 394 3897 ματα
411 3828 470 3883 cod.
484 3828 568 3895 Alc),
594 3843 679 3883 messe
691 3828 796 3891 111110,
822 3844 922 3883 messes
938 3830 980 3897 V’,
1006 3844 1119 3883 messem
1135 3830 1162 3883 L
1249 3829 1445 3899 ahenigimrun

321 3934 345 3990 S
444 3932 516 4001 spice
535 3946 622 3986 eorum
640 3932 668 3985 et
686 3946 753 4001 quae
769 3932 864 3986 metita
882 3935 959 3987 erant
976 3932 1011 3987 St
1040 3948 1086 3987 ese
1104 3947 1171 4002 quae
1187 3932 1301 3987 tritum
1318 3936 1395 3987 eraut
1411 3916 1445 3996 (er

321 4018 484 4090 Olmffl
577 4016 754 4085 lohueteS
845 4016 1015 4087 5cepete8
1105 4016 1235 4087 uulpisS
1324 4018 1444 4072 coines

321 4104 450 4161 hinov
554 4103 571 4157 8
595 4102 656 4172 quia
679 4102 711 4159 S:
741 4104 865 4173 quoniam
887 4103 1005 4160 omo
1104 4104 1122 4157 9
1144 4118 1194 4173 per
1212 4118 1272 4158 um
1293 4104 1321 4159 L
1419 4103 1444 4155 in

320 4206 372 4245 om.
395 4190 433 4244 M
533 4188 676 4243 hiezechiel
698 4190 739 4257 L,
769 4204 820 4244 oco.
842 4190 875 4242 io
897 4188 949 4244 loc.
971 4190 998 4245 V
1094 4188 1161 4243 haec
1182 4188 1334 4245 unce:
1362 4190 1401 4242 ita
1420 4190 1445 4239 et

322 4293 356 4357 s,
385 4294 450 4346 eccs
563 4280 663 4346 noeis
682 4280 757 4347 oin
868 4292 919 4362 nu]
938 4291 992 4347 ors
1014 4293 1040 4346 v
1133 4288 1443 4361 potententem

322 4380 346 4435 S
447 4380 477 4433 ll
496 4378 600 4433 tuishl
618 4378 641 4433 S
742 4378 775 4433 12
794 4378 1034 4448 congregabuntO
1136 4378 1169 4431 13
1190 4376 1275 4449 dies
