3159 4967
282 369 347 436 434
503 366 551 432 De
567 364 695 422 diuinis
712 367 894 435 seripturis
912 366 986 422 sine
1003 367 1186 436 specuium.

282 559 329 623 in.
354 557 505 641 pssimn
540 556 671 624 cm:
706 554 768 638 Qni
801 554 957 624 seminent
989 556 1022 622 in
1050 557 1202 638 laen-imis,
1231 558 1264 627 in
1289 554 1409 641 gendie

282 661 412 728 metent.
437 661 548 731 euntes
561 659 652 725 ibent
665 660 700 724 et
712 659 832 726 debent
845 660 1008 729 mittentes
1023 659 1144 736 semine
1155 679 1229 728 sne:
1244 659 1410 732 uenientes

283 765 390 831 entem
432 763 561 832 uenient
594 761 627 827 in
663 762 872 842 emenone,
909 763 1071 846 pertentes
1106 763 1285 850 menipnlos
1323 780 1407 830 sues.

282 868 381 934 Item
409 867 447 932 in
468 865 707 948 prener-biis:
737 863 828 932 Sient
857 867 1007 949 probetne
1037 868 1203 954 degentum
1229 867 1262 932 in
1284 865 1408 932 camino

282 972 315 1035 et
344 987 465 1048 emnm,
495 968 542 1034 ite
571 967 675 1034 electe
705 968 804 1034 eorde
833 970 909 1053 npnt
931 970 1035 1038 deum.
1080 971 1181 1039 Item
1201 970 1310 1036 illie:
1332 969 1408 1046 Fae.
1438 999 1452 1038 s

280 1073 339 1151 iili
368 1091 450 1156 qnee
479 1091 539 1156 ege
566 1071 683 1141 mendo
713 1071 782 1149 tibi,
815 1073 847 1138 et
876 1073 984 1141 selnns
1015 1075 1086 1143 eris.
1122 1074 1241 1142 uenisti
1269 1072 1353 1139 enim
1377 1070 1409 1136 in

280 1193 393 1241 manns
423 1175 581 1243 meierum
613 1173 739 1256 prepter
772 1173 908 1240 emitum
941 1176 1041 1243 tunm.
1085 1175 1155 1243 esto
1191 1173 1410 1260 infatigabilis,

282 1278 425 1345 adtende
448 1279 556 1346 entem
577 1276 837 1356 nmienmtnum,
861 1296 955 1360 quem
977 1279 1180 1364 spopondisti.
1218 1297 1259 1346 ne
1282 1277 1411 1344 dederis

280 1401 429 1450 semnnm
445 1381 545 1448 neniis
567 1399 670 1463 neqne
692 1379 845 1446 dormites
865 1380 1025 1464 palpebris
1044 1382 1118 1460 tuis,
1134 1381 1172 1448 ut
1187 1381 1306 1450 enndes
1325 1381 1412 1448 sient

281 1484 454 1550 damnum
476 1503 520 1552 en
545 1483 668 1554 retitns
700 1483 734 1547 et
764 1481 849 1548 sient
881 1483 950 1550 enis
984 1502 1020 1549 ex
1058 1483 1182 1570 inques.
1227 1485 1334 1550 Item
1369 1483 1453 1552 inne

279 1588 381 1654 libre
402 1586 645 1670 sapientiae:
670 1587 829 1652 insternm
854 1585 960 1652 entem
984 1585 1106 1654 enimse
1128 1586 1160 1654 in
1177 1606 1274 1652 menn
1290 1586 1412 1656 demini

233 1703 239 1722 ·
280 1691 363 1769 eunt
398 1693 432 1756 et
462 1707 523 1758 nen
560 1689 722 1772 continget
757 1687 830 1756 illes
867 1689 1068 1756 termentum.
1112 1690 1173 1758 uisi
1204 1691 1278 1757 sunt
1307 1687 1413 1756 oeulis

278 1793 493 1877 insipientium
513 1793 605 1872 meri,
635 1792 668 1858 et
689 1791 858 1863 menete
880 1791 930 1858 est
951 1791 1074 1864 melina
1096 1793 1197 1862 exitus
1220 1812 1339 1861 eornm.
1379 1793 1414 1856 et

228 1988 249 2030 α
280 1969 321 2030 In
349 1970 463 2033 cm:
493 1972 550 2043 Qni
575 1971 715 2030 seminant
735 1969 767 2029 in
787 1969 913 2030 leerimis
935 1969 966 2029 in
988 1969 1092 2044 gaudie
1113 1971 1228 2030 metent.
1271 1971 1310 2032 In
1332 1989 1413 2047 pre-

280 2055 423 2116 nerbiie
457 2074 530 2132 esp.
564 2056 658 2117 XVII:
691 2055 772 2116 Sient
804 2056 872 2132 igne
905 2057 1040 2130 probetur
1072 2059 1219 2130 argentum
1252 2059 1281 2115 et
1310 2071 1452 2120 summis

281 2141 399 2214 semino,
432 2141 474 2202 ita
504 2143 607 2218 prebet
639 2141 778 2201 deminus.
822 2141 913 2201 Item
942 2157 1015 2216 eep.
1050 2141 1116 2203 VII:
1149 2142 1208 2201 nae
1239 2157 1308 2216 erge
1334 2145 1415 2217 qumi

280 2227 351 2299 dieo,
380 2227 423 2287 iili
451 2229 500 2299 mi,
525 2229 555 2287 ei
575 2229 662 2286 temet
683 2228 778 2302 ipsum
799 2227 890 2286 libere
911 2243 1024 2302 nsque
1047 2227 1131 2301 qnasi
1153 2227 1215 2286 nnis
1239 2227 1272 2288 de
1295 2227 1413 2290 insidiis

279 2314 408 2390 enenpis.
450 2314 491 2373 In
513 2314 611 2374 libre
633 2313 1012 2389 sapientieeeep.11:
1039 2313 1181 2372 Iustorum
1203 2315 1297 2372 entem
1317 2314 1413 2374 anime

226 2508 251 2567 μ
280 2488 336 2558 Qui
368 2487 511 2546 seminent
542 2487 572 2545 in
604 2485 730 2545 lacrimis
763 2486 795 2544 in
828 2485 933 2560 gaudio
965 2487 1078 2545 metent.
1122 2485 1163 2544 In
1196 2487 1413 2560 prouerbiis

279 2589 354 2648 esp
384 2573 478 2635 nvn:
507 2572 589 2632 Sient
617 2572 685 2646 igne
713 2573 850 2646 prebntnr
879 2575 1029 2644 argentum
1050 2573 1079 2629 et
1100 2587 1200 2630 enrnm
1225 2571 1346 2640 camino,
1370 2573 1414 2630 its
1427 2591 1454 2631 se

279 2659 381 2737 prebet
401 2658 541 2718 dominns.
585 2657 674 2718 Item
696 2673 771 2733 eep.
794 2655 862 2718 VH:
885 2655 943 2715 Fae
965 2671 1033 2732 ergo
1056 2655 1130 2730 qnod
1151 2655 1222 2726 dieo,
1245 2655 1287 2714 iili
1308 2656 1358 2728 mi,
1382 2659 1413 2715 et

278 2746 364 2803 temet
395 2743 491 2818 ipsum
522 2743 612 2802 libere
643 2759 757 2816 usqne
788 2742 871 2817 qnasi
900 2741 964 2800 nnis
994 2741 1027 2801 de
1057 2740 1170 2801 insidiis
1198 2741 1326 2817 nneupis.
1371 2743 1414 2801 In

277 2828 376 2933 lihre
399 2829 611 2904 sapientise
634 2844 709 2902 eep.
731 2828 776 2886 H:
798 2829 940 2887 Instemm
963 2829 1056 2886 entem
1078 2827 1188 2886 enimse
1210 2828 1241 2886 in
1262 2843 1350 2888 menn
1365 2828 1414 2887 dei

380 3009 394 3064 1
420 3008 464 3064 1³2,
488 3010 546 3078 125,
564 3010 581 3062 5
599 3010 661 3062 ete
764 3010 782 3061 4
805 3007 882 3064 Pron.
906 3009 983 3074 nne
1086 3009 1102 3062 n
1126 3007 1205 3063 Pseu.
1226 3009 1252 3074 s,
1271 3008 1340 3062 e-s

277 3088 308 3149 '11
328 3095 389 3166 Sep.
407 3095 432 3161 3,
451 3095 520 3150 1-8

328 3265 343 3320 l
366 3267 481 3321 eenn'nnt
502 3273 530 3321 et
551 3269 637 3320 metet
657 3265 687 3321 L
797 3265 814 3319 2
837 3283 855 3320 a
876 3267 961 3321 serbo
983 3268 1086 3321 meieni
1109 3266 1211 3336 insipit
1229 3267 1314 3336 prior
1334 3285 1410 3337 pars

276 3351 429 3422 srapmenii
443 3352 533 3421 primi
550 3352 655 3407 codicis
672 3352 703 3406 F
719 3352 777 3421 (fel.
797 3356 823 3420 3,
842 3357 867 3420 4,
886 3355 903 3406 5
919 3353 978 3406 eod.
998 3353 1157 3408 Aehbnmsh.
1176 3353 1259 3408 latri
1276 3359 1319 3418 16,
1339 3370 1410 3422 pun-

277 3438 414 3492 temieuis
431 3438 481 3504 fei.
492 3444 517 3507 1,
529 3442 557 3507 2,
569 3440 598 3506 3)
685 3437 788 3492 debent
805 3437 930 3502 FMLG:
956 3437 1049 3497 oms
1132 3437 1226 3494 deum
1243 3441 1410 3496 exultatione

277 3524 315 3578 Oe
400 3524 618 3579 emnltetieneF
699 3522 868 3592 4ptebetum
878 3525 1024 3582 FMVLO
1108 3525 1137 3578 in
1154 3526 1256 3596 semine
1275 3543 1327 3580 ees
1345 3527 1411 3582 Fet

280 3609 358 3666 Vno
442 3609 541 3679 sinte]
559 3610 589 3664 in
604 3608 750 3679 prudentiis
766 3610 829 3664 ΓΜ
835 3610 909 3666 Vno
993 3611 1008 3662 7
1024 3611 1113 3666 uerba
1130 3613 1236 3666 esto-
1248 3642 1281 3652 -
1294 3612 1409 3667 emienm

274 3697 350 3748 tunm
366 3711 418 3749 ese.
439 3696 467 3749 V
565 3694 675 3749 attende
692 3694 744 3750 FO
844 3695 1010 3764 dependisti
1027 3695 1126 3761 FML,
1155 3695 1281 3766 speidisti
1302 3697 1338 3752 V*

275 3780 292 3831 9
316 3779 398 3836 oeulis
420 3781 474 3834 tnis
496 3781 657 3836 Fnsvnee
758 3779 909 3850 pnlphebris
934 3781 986 3836 SF
1086 3782 1119 3835 10
1143 3781 1276 3837 demmnle
1299 3783 1408 3838 FLW:

276 3865 339 3920 dnm
355 3867 428 3922 mele
445 3867 475 3935 S,
504 3865 611 3922 demnis
628 3867 694 3931 Md,
724 3865 830 3922 demnis
851 3868 886 3923 V¹
972 3869 1000 3920 et
1017 3883 1068 3924 om.
1086 3867 1229 3923 FMVLO
1312 3870 1409 3940 laqueo

276 3951 300 4006 S
391 3952 1048 4024 uerbeltem-Instemm-ddmcetidienn
1065 3969 1116 4010 em.
1136 3955 1160 4010 V
1254 3955 1287 4009 ll
1306 3953 1409 4010 demini

276 4037 310 4091 S:
336 4035 380 4091 dei
397 4037 526 4094 Festos
624 4039 658 4095 12
674 4040 812 4108 continget
830 4039 864 4094 S:
892 4042 988 4110 tanget
1006 4041 1137 4096 FMLOv
1233 4042 1407 4112 tormentum]

275 4121 611 4185 addmeiitiseFMLG.
635 4125 703 4180 add.
715 4125 835 4180 mortisv
928 4126 961 4180 13
979 4128 1007 4180 et
1024 4126 1174 4180 existimate
1193 4125 1215 4180 0
1299 4127 1407 4182 melitis

276 4206 361 4261 exitus
378 4209 414 4262 δι
441 4209 524 4262 exitus
541 4210 644 4264 malitia
660 4211 780 4276 me,
807 4209 917 4266 afflietio
934 4212 1017 4277 exitus
1030 4229 1045 4267 v
1058 4213 1189 4280 (κάκωσις
1201 4209 1217 4280 ἡ
1231 4211 1335 4280 ἔξοδος)

278 4307 365 4347 eornm
382 4293 418 4349 St
446 4293 551 4348 illerum
568 4295 697 4352 FMLOv
