3159 4967
302 448 377 495 XXX

343 616 389 681 Ac
413 616 475 680 iam
500 614 638 679 omnium
661 632 766 679 rerum
788 612 910 676 ratione
931 610 1050 689 habita,
1074 612 1219 695 quamuis
1243 630 1336 695 aegre
1358 610 1429 696 plu-

303 720 383 783 rima
411 718 650 801 perspiciantur,
681 714 827 781 codicum
857 714 1076 797 cognationem
1106 715 1139 780 et
1170 713 1430 797 interpolatorum

303 822 476 887 tentamina
498 822 558 885 hac
580 818 691 885 tabula
715 818 884 901 depingere
909 818 1097 900 poterimus:

304 974 541 1063 S.pHicronymi
666 1050 670 1064 Ι
1124 970 1155 1037 S.
1178 972 1360 1057 Hieronymi

310 1078 534 1145 Commentarii
619 1076 649 1142 S.
674 1076 844 1159 Augustini
968 1075 1036 1140 cod.
1132 1076 1349 1159 interpretatio

302 1183 398 1247 inlls.
414 1182 543 1247 etHier.
642 1179 813 1262 Speculum
942 1179 1058 1244 Amiat
1178 1179 1311 1261 uulgata

1349 1944 1382 2019 ‘A
1348 1740 1383 1901 9¹38

1399 2900 1423 2930 s
1400 2708 1423 2814 oea
1400 2445 1432 2665 :trunam
1391 2174 1432 2410 enqgnb
1391 1813 1432 2128 outrefitnA
1399 1639 1432 1765 seo,
1401 1552 1423 1585 o

1349 2069 1382 2133 a

1348 2179 1382 2291 ἓ

1349 2292 1372 2438 t

1348 2436 1382 2523 g.

1348 2568 1381 2689 a

1349 2694 1381 2744 r*

345 3104 381 3165 In
414 3103 505 3167 tanta
537 3100 634 3183 igitur
666 3101 795 3183 tamque
828 3101 956 3183 antiqua
984 3120 1045 3165 non
1067 3102 1171 3166 minus
1193 3120 1287 3183 quam
1310 3101 1430 3165 recenti

304 3204 542 3288 interpolatione
566 3223 637 3268 cum
661 3222 786 3285 sperare
809 3222 869 3268 non
892 3204 1048 3288 possimus
1070 3203 1136 3269 fore
1161 3204 1194 3267 ut
1209 3223 1300 3269 sacra
1316 3203 1346 3269 S.
1364 3204 1429 3269 Au-

304 3308 422 3391 gustini
455 3308 636 3399 testimonia
668 3307 700 3371 in
734 3308 892 3390 integrum
924 3308 1139 3387 restituamus,
1174 3308 1251 3372 satis
1276 3308 1429 3373 habemus

304 3410 439 3476 detectis
478 3431 513 3477 ac
554 3410 686 3477 sublatis
726 3411 935 3493 posteriorum
972 3410 1169 3476 saeculorum
1205 3410 1431 3476 mutationibus

304 3514 425 3578 textum
455 3514 555 3596 prima
584 3512 825 3597 interpolatione
847 3513 1005 3578 mutatum
1028 3514 1220 3578 enucleaess.
1259 3532 1321 3595 qua
1341 3512 1374 3577 in
1397 3532 1430 3577 re

302 3615 373 3699 plus
394 3616 589 3699 profecturos
622 3635 678 3681 nos
718 3616 921 3696 arbitramur,
959 3617 987 3681 si
1021 3616 1228 3701 archetypi
1261 3616 1432 3699 imaginem

304 3720 430 3803 qualem
460 3720 606 3785 meliores
635 3720 709 3787 libri
738 3720 790 3785 uel
821 3720 953 3785 duorum
980 3720 1124 3784 ordinum
1147 3718 1274 3785 codices
1296 3736 1429 3785 consen·
1527 3784 1534 3803 ,

303 3824 419 3888 tientes
443 3822 588 3889 exhibent
610 3823 720 3906 paucis
745 3822 1045 3887 adumbrauerimus.

345 3942 450 4025 Atque
471 3943 597 4026 praeter
618 3942 675 4008 illa
696 3942 785 4020 uitia,
810 3942 923 4025 quibus
944 3942 1133 4025 interpolata
1153 3942 1336 4008 testimonia
1358 3962 1430 4007 cum

304 4045 463 4112 Amiatino
486 4064 658 4129 congruere
682 4046 897 4128 cognorimus,
921 4045 1037 4111 similia
1060 4046 1123 4109 alia
1145 4046 1333 4131 archetypus
1355 4044 1431 4111 iecit

304 4147 502 4228 detrimenta,
526 4167 607 4232 quae
628 4148 659 4212 in
678 4148 930 4213 testimoniorum
946 4149 1086 4214 oratione
1100 4149 1237 4213 retinere
1252 4169 1313 4214 non
1330 4148 1430 4213 aude-

302 4252 384 4316 bam.
424 4252 611 4335 optimorum
636 4250 718 4315 onim
741 4249 887 4316 codicum
909 4270 1063 4316 consensu
1086 4254 1165 4317 haec
1183 4251 1303 4336 scripta
1316 4252 1431 4336 legon-

301 4354 371 4419 tur:
406 4354 457 4433 70,
482 4355 521 4421 17
550 4359 632 4420 recte
660 4355 815 4436 expondit
840 4374 967 4439 pressus
994 4356 1062 4420 aas
1082 4355 1175 4420 Prou.
1198 4355 1250 4433 29,
1274 4355 1296 4421 5
1317 4392 1359 4404 -
1381 4353 1434 4432 90,
