<?xml version="1.0" encoding="UTF-8"?>
<!DOCTYPE html PUBLIC "-//W3C//DTD XHTML 1.0 Transitional//EN"
    "http://www.w3.org/TR/xhtml1/DTD/xhtml1-transitional.dtd">
<html xmlns="http://www.w3.org/1999/xhtml" xml:lang="en" lang="en">
 <head>
  <title>
</title>
<meta http-equiv="Content-Type" content="text/html;charset=utf-8" />
  <meta name='ocr-system' content='tesseract 3.04.00' />
  <meta name='ocr-capabilities' content='ocr_page ocr_carea ocr_par ocr_line ocrx_word'/>
</head>
<body>
  <div class='ocr_page' id='page_1' title='image "./corpusscriptoru19wissgoog_0706.png"; bbox 0 0 3159 4967; ppageno 0'>
   <div class='ocr_carea' id='block_1_1' title="bbox 286 376 1194 449">
    <p class='ocr_par' dir='ltr' id='par_1_1' title="bbox 286 376 1194 449">
     <span class='ocr_line' id='line_1_1' title="bbox 286 376 1194 449; baseline 0.009 -20"><span class='ocrx_word' id='word_1_1' title='bbox 286 379 351 445; x_wconf 82' lang='lat'><strong>646</strong></span> <span class='ocrx_word' id='word_1_2' title='bbox 508 377 556 431; x_wconf 85' lang='lat' dir='ltr'><strong>De</strong></span> <span class='ocrx_word' id='word_1_3' title='bbox 574 376 702 431; x_wconf 76' lang='lat' dir='ltr'><strong>diuinis</strong></span> <span class='ocrx_word' id='word_1_4' title='bbox 720 379 901 448; x_wconf 76' lang='lat' dir='ltr'><strong>scripturis</strong></span> <span class='ocrx_word' id='word_1_5' title='bbox 919 380 993 434; x_wconf 79' lang='lat' dir='ltr'><strong>siue</strong></span> <span class='ocrx_word' id='word_1_6' title='bbox 1010 380 1194 449; x_wconf 72' lang='lat' dir='ltr'>Speculum</span> 
     </span>
    </p>
   </div>
   <div class='ocr_carea' id='block_1_2' title="bbox 284 569 1467 1587">
    <p class='ocr_par' dir='ltr' id='par_1_2' title="bbox 284 569 1467 1587">
     <span class='ocr_line' id='line_1_2' title="bbox 288 569 1424 656; baseline 0.003 -20"><span class='ocrx_word' id='word_1_7' title='bbox 288 570 419 654; x_wconf 87' lang='lat' dir='ltr'><strong>quidem</strong></span> <span class='ocrx_word' id='word_1_8' title='bbox 441 569 634 648; x_wconf 83' lang='lat' dir='ltr'><strong>ceciderunt,</strong></span> <span class='ocrx_word' id='word_1_9' title='bbox 659 569 756 635; x_wconf 83' lang='lat' dir='ltr'><strong>aliurn</strong></span> <span class='ocrx_word' id='word_1_10' title='bbox 777 588 854 635; x_wconf 89' lang='lat' dir='ltr'><strong>uero</strong></span> <span class='ocrx_word' id='word_1_11' title='bbox 869 570 1063 650; x_wconf 87' lang='lat' dir='ltr'><strong>occiderunt,</strong></span> <span class='ocrx_word' id='word_1_12' title='bbox 1087 570 1184 637; x_wconf 83' lang='lat' dir='ltr'><strong>alium</strong></span> <span class='ocrx_word' id='word_1_13' title='bbox 1199 590 1274 638; x_wconf 92' lang='lat' dir='ltr'><strong>uero</strong></span> <span class='ocrx_word' id='word_1_14' title='bbox 1287 572 1424 656; x_wconf 79' lang='lat' dir='ltr'><strong>lapida-</strong></span> 
     </span>
     <span class='ocr_line' id='line_1_3' title="bbox 286 672 1423 757; baseline 0.003 -19"><span class='ocrx_word' id='word_1_15' title='bbox 286 674 411 739; x_wconf 87' lang='lat' dir='ltr'><strong>uerunt.</strong></span> <span class='ocrx_word' id='word_1_16' title='bbox 443 672 610 739; x_wconf 82' lang='lat' dir='ltr'><strong>etiterum</strong></span> <span class='ocrx_word' id='word_1_17' title='bbox 631 672 719 739; x_wconf 78' lang='lat' dir='ltr'><strong>misit</strong></span> <span class='ocrx_word' id='word_1_18' title='bbox 736 672 815 739; x_wconf 79' lang='lat' dir='ltr'><strong>alios</strong></span> <span class='ocrx_word' id='word_1_19' title='bbox 830 692 940 740; x_wconf 79' lang='lat' dir='ltr'><strong>neruos</strong></span> <span class='ocrx_word' id='word_1_20' title='bbox 961 673 1068 757; x_wconf 84' lang='lat' dir='ltr'><strong>pluree</strong></span> <span class='ocrx_word' id='word_1_21' title='bbox 1081 674 1246 757; x_wconf 80' lang='lat' dir='ltr'>prioribus,</span> <span class='ocrx_word' id='word_1_22' title='bbox 1270 676 1304 741; x_wconf 89' lang='lat' dir='ltr'><strong>et</strong></span> <span class='ocrx_word' id='word_1_23' title='bbox 1324 676 1423 741; x_wconf 83' lang='lat' dir='ltr'><strong>uimi-</strong></span> 
     </span>
     <span class='ocr_line' id='line_1_4' title="bbox 284 776 1420 861; baseline 0.002 -18"><span class='ocrx_word' id='word_1_24' title='bbox 284 776 361 843; x_wconf 84' lang='lat' dir='ltr'><strong>liter</strong></span> <span class='ocrx_word' id='word_1_25' title='bbox 393 776 544 843; x_wconf 83' lang='lat' dir='ltr'><strong>iecerunt</strong></span> <span class='ocrx_word' id='word_1_26' title='bbox 581 776 741 861; x_wconf 77' lang='lat' dir='ltr'><strong>postremo</strong></span> <span class='ocrx_word' id='word_1_27' title='bbox 775 776 882 842; x_wconf 85' lang='lat' dir='ltr'><strong>autem</strong></span> <span class='ocrx_word' id='word_1_28' title='bbox 914 776 1002 843; x_wconf 72' lang='lat' dir='ltr'><strong>misit</strong></span> <span class='ocrx_word' id='word_1_29' title='bbox 1033 776 1134 843; x_wconf 86' lang='lat' dir='ltr'><strong>filium</strong></span> <span class='ocrx_word' id='word_1_30' title='bbox 1167 796 1258 844; x_wconf 81' lang='lat' dir='ltr'><strong>ouum</strong></span> <span class='ocrx_word' id='word_1_31' title='bbox 1286 779 1420 845; x_wconf 85' lang='lat' dir='ltr'><strong>unicum</strong></span> 
     </span>
     <span class='ocr_line' id='line_1_5' title="bbox 287 878 1421 948; baseline 0.001 -2"><span class='ocrx_word' id='word_1_32' title='bbox 287 878 412 946; x_wconf 79' lang='lat' dir='ltr'><strong>dicens:</strong></span> <span class='ocrx_word' id='word_1_33' title='bbox 441 878 669 945; x_wconf 87' lang='lat' dir='ltr'><strong>reuerebuntur</strong></span> <span class='ocrx_word' id='word_1_34' title='bbox 690 878 790 946; x_wconf 89' lang='lat' dir='ltr'><strong>filium</strong></span> <span class='ocrx_word' id='word_1_35' title='bbox 812 898 928 946; x_wconf 93' lang='lat' dir='ltr'><strong>meum.</strong></span> <span class='ocrx_word' id='word_1_36' title='bbox 964 880 1012 945; x_wconf 85' lang='lat' dir='ltr'><strong>illi</strong></span> <span class='ocrx_word' id='word_1_37' title='bbox 1036 881 1142 946; x_wconf 85' lang='lat' dir='ltr'><strong>autem</strong></span> <span class='ocrx_word' id='word_1_38' title='bbox 1165 880 1312 948; x_wconf 85' lang='lat' dir='ltr'><strong>dixerunt</strong></span> <span class='ocrx_word' id='word_1_39' title='bbox 1331 881 1421 947; x_wconf 83' lang='lat' dir='ltr'><strong>intra</strong></span> 
     </span>
     <span class='ocr_line' id='line_1_6' title="bbox 287 984 1466 1070; baseline -0.005 -19"><span class='ocrx_word' id='word_1_40' title='bbox 287 1004 340 1051; x_wconf 79' lang='lat' dir='ltr'><strong>ee:</strong></span> <span class='ocrx_word' id='word_1_41' title='bbox 373 984 426 1051; x_wconf 88' lang='lat' dir='ltr'><strong>hic</strong></span> <span class='ocrx_word' id='word_1_42' title='bbox 460 984 632 1065; x_wconf 77' lang='lat' dir='ltr'><strong>osthenes,</strong></span> <span class='ocrx_word' id='word_1_43' title='bbox 664 984 781 1065; x_wconf 86' lang='lat' dir='ltr'><strong>uenite,</strong></span> <span class='ocrx_word' id='word_1_44' title='bbox 816 985 998 1052; x_wconf 75' lang='lat' dir='ltr'><strong>occidamus</strong></span> <span class='ocrx_word' id='word_1_45' title='bbox 1032 1004 1105 1051; x_wconf 90' lang='lat' dir='ltr'><strong>enm</strong></span> <span class='ocrx_word' id='word_1_46' title='bbox 1135 986 1167 1051; x_wconf 89' lang='lat' dir='ltr'><strong>et</strong></span> <span class='ocrx_word' id='word_1_47' title='bbox 1194 984 1420 1070; x_wconf 69' lang='lat' dir='ltr'><strong>possideamus</strong></span> <span class='ocrx_word' id='word_1_48' title='bbox 1447 1003 1466 1045; x_wconf 73' lang='lat' dir='ltr'>s</span> 
     </span>
     <span class='ocr_line' id='line_1_7' title="bbox 286 1086 1420 1172; baseline 0.002 -19"><span class='ocrx_word' id='word_1_49' title='bbox 286 1086 499 1153; x_wconf 73' lang='lat' dir='ltr'><strong>hereditatem</strong></span> <span class='ocrx_word' id='word_1_50' title='bbox 522 1086 598 1154; x_wconf 83' lang='lat' dir='ltr'><strong>eius.</strong></span> <span class='ocrx_word' id='word_1_51' title='bbox 630 1088 663 1152; x_wconf 89' lang='lat' dir='ltr'><strong>et</strong></span> <span class='ocrx_word' id='word_1_52' title='bbox 678 1088 908 1172; x_wconf 81' lang='lat' dir='ltr'><strong>adprehensum</strong></span> <span class='ocrx_word' id='word_1_53' title='bbox 925 1108 998 1155; x_wconf 92' lang='lat' dir='ltr'><strong>eum</strong></span> <span class='ocrx_word' id='word_1_54' title='bbox 1014 1088 1174 1155; x_wconf 87' lang='lat' dir='ltr'><strong>eiecerunt</strong></span> <span class='ocrx_word' id='word_1_55' title='bbox 1188 1090 1276 1155; x_wconf 84' lang='lat' dir='ltr'><strong>extra</strong></span> <span class='ocrx_word' id='word_1_56' title='bbox 1289 1088 1420 1155; x_wconf 77' lang='lat' dir='ltr'><strong>niueam</strong></span> 
     </span>
     <span class='ocr_line' id='line_1_8' title="bbox 288 1191 1421 1277; baseline 0 -20"><span class='ocrx_word' id='word_1_57' title='bbox 288 1192 323 1257; x_wconf 86' lang='lat' dir='ltr'><strong>ct</strong></span> <span class='ocrx_word' id='word_1_58' title='bbox 345 1192 529 1258; x_wconf 86' lang='lat' dir='ltr'><strong>occiderunt</strong></span> <span class='ocrx_word' id='word_1_59' title='bbox 559 1211 640 1258; x_wconf 92' lang='lat' dir='ltr'><strong>eum.</strong></span> <span class='ocrx_word' id='word_1_60' title='bbox 678 1210 751 1257; x_wconf 89' lang='lat' dir='ltr'><strong>cum</strong></span> <span class='ocrx_word' id='word_1_61' title='bbox 781 1210 856 1277; x_wconf 83' lang='lat' dir='ltr'><strong>ergo</strong></span> <span class='ocrx_word' id='word_1_62' title='bbox 879 1192 1003 1258; x_wconf 83' lang='lat' dir='ltr'><strong>uenerit</strong></span> <span class='ocrx_word' id='word_1_63' title='bbox 1025 1192 1169 1258; x_wconf 80' lang='lat' dir='ltr'><strong>dominun</strong></span> <span class='ocrx_word' id='word_1_64' title='bbox 1189 1193 1313 1272; x_wconf 85' lang='lat' dir='ltr'><strong>uineae,</strong></span> <span class='ocrx_word' id='word_1_65' title='bbox 1340 1191 1421 1275; x_wconf 85' lang='lat' dir='ltr'><strong>quid</strong></span> 
     </span>
     <span class='ocr_line' id='line_1_9' title="bbox 288 1294 1420 1379; baseline 0.001 -19"><span class='ocrx_word' id='word_1_66' title='bbox 288 1294 387 1362; x_wconf 82' lang='lat' dir='ltr'><strong>faciet</strong></span> <span class='ocrx_word' id='word_1_67' title='bbox 409 1294 549 1362; x_wconf 80' lang='lat' dir='ltr'><strong>colonis?</strong></span> <span class='ocrx_word' id='word_1_68' title='bbox 572 1296 604 1360; x_wconf 83' lang='lat' dir='ltr'><strong>et</strong></span> <span class='ocrx_word' id='word_1_69' title='bbox 624 1294 673 1360; x_wconf 92' lang='lat' dir='ltr'><strong>illi</strong></span> <span class='ocrx_word' id='word_1_70' title='bbox 689 1294 849 1359; x_wconf 85' lang='lat' dir='ltr'><strong>dixerunt:</strong></span> <span class='ocrx_word' id='word_1_71' title='bbox 871 1294 974 1361; x_wconf 79' lang='lat' dir='ltr'><strong>malos</strong></span> <span class='ocrx_word' id='word_1_72' title='bbox 995 1295 1080 1360; x_wconf 86' lang='lat' dir='ltr'><strong>male</strong></span> <span class='ocrx_word' id='word_1_73' title='bbox 1097 1295 1219 1379; x_wconf 84' lang='lat' dir='ltr'><strong>perdet,</strong></span> <span class='ocrx_word' id='word_1_74' title='bbox 1242 1296 1420 1361; x_wconf 84' lang='lat' dir='ltr'><strong>etuincam</strong></span> 
     </span>
     <span class='ocr_line' id='line_1_10' title="bbox 288 1398 1420 1482; baseline -0.001 -18"><span class='ocrx_word' id='word_1_75' title='bbox 288 1416 380 1464; x_wconf 82' lang='lat' dir='ltr'><strong>enam</strong></span> <span class='ocrx_word' id='word_1_76' title='bbox 401 1398 508 1465; x_wconf 84' lang='lat' dir='ltr'><strong>tradet</strong></span> <span class='ocrx_word' id='word_1_77' title='bbox 531 1398 601 1465; x_wconf 82' lang='lat' dir='ltr'><strong>aliis</strong></span> <span class='ocrx_word' id='word_1_78' title='bbox 623 1398 807 1477; x_wconf 85' lang='lat' dir='ltr'><strong>cultoribus,</strong></span> <span class='ocrx_word' id='word_1_79' title='bbox 830 1399 884 1482; x_wconf 88' lang='lat' dir='ltr'><strong>qni</strong></span> <span class='ocrx_word' id='word_1_80' title='bbox 905 1399 1042 1465; x_wconf 76' lang='lat' dir='ltr'><strong>reddant</strong></span> <span class='ocrx_word' id='word_1_81' title='bbox 1061 1399 1109 1465; x_wconf 89' lang='lat' dir='ltr'><strong>illi</strong></span> <span class='ocrx_word' id='word_1_82' title='bbox 1131 1400 1270 1466; x_wconf 81' lang='lat' dir='ltr'><strong>fructum</strong></span> <span class='ocrx_word' id='word_1_83' title='bbox 1283 1398 1317 1465; x_wconf 89' lang='lat' dir='ltr'><strong>in</strong></span> <span class='ocrx_word' id='word_1_84' title='bbox 1330 1399 1420 1465; x_wconf 80' lang='lat' dir='ltr'><strong>tem-</strong></span> 
     </span>
     <span class='ocr_line' id='line_1_11' title="bbox 286 1502 1467 1587; baseline 0.001 -20"><span class='ocrx_word' id='word_1_85' title='bbox 286 1502 415 1587; x_wconf 81' lang='lat' dir='ltr'>poribus</span> <span class='ocrx_word' id='word_1_86' title='bbox 438 1502 512 1569; x_wconf 81' lang='lat' dir='ltr'><strong>uuie.</strong></span> <span class='ocrx_word' id='word_1_87' title='bbox 1434 1526 1467 1568; x_wconf 77' lang='grc' dir='ltr'><strong>ιο</strong></span> 
     </span>
    </p>
   </div>
   <div class='ocr_carea' id='block_1_3' title="bbox 786 1688 914 1774">
    <p class='ocr_par' dir='ltr' id='par_1_3' title="bbox 786 1688 914 1774">
     <span class='ocr_line' id='line_1_12' title="bbox 786 1688 914 1774; baseline -0.008 0"><span class='ocrx_word' id='word_1_88' title='bbox 786 1688 914 1774; x_wconf 80' lang='lat' dir='ltr'><strong>exin.</strong></span> 
     </span>
    </p>
   </div>
   <div class='ocr_carea' id='block_1_4' title="bbox 320 1882 1390 1937">
    <p class='ocr_par' dir='ltr' id='par_1_4' title="bbox 320 1882 1390 1937">
     <span class='ocr_line' id='line_1_13' title="bbox 320 1882 1390 1937; baseline 0.002 -10"><span class='ocrx_word' id='word_1_89' title='bbox 320 1882 406 1937; x_wconf 76' lang='lat' dir='ltr'><strong>Qvon</strong></span> <span class='ocrx_word' id='word_1_90' title='bbox 428 1882 539 1927; x_wconf 70' lang='lat' dir='ltr'><strong>amem</strong></span> <span class='ocrx_word' id='word_1_91' title='bbox 561 1883 702 1927; x_wconf 62' lang='lat' dir='ltr'><strong>nonnius</strong></span> <span class='ocrx_word' id='word_1_92' title='bbox 722 1884 757 1925; x_wconf 77' lang='lat' dir='ltr'><strong>m</strong></span> <span class='ocrx_word' id='word_1_93' title='bbox 779 1884 999 1927; x_wconf 71' lang='lat' dir='ltr'><strong>mmmm</strong></span> <span class='ocrx_word' id='word_1_94' title='bbox 1019 1886 1147 1928; x_wconf 74' lang='lat' dir='ltr'><strong>mm!</strong></span> <span class='ocrx_word' id='word_1_95' title='bbox 1168 1886 1240 1928; x_wconf 75' lang='lat' dir='ltr'><strong>omn</strong></span> <span class='ocrx_word' id='word_1_96' title='bbox 1260 1885 1390 1929; x_wconf 80' lang='lat' dir='ltr'><strong>vocm.</strong></span> 
     </span>
    </p>
   </div>
   <div class='ocr_carea' id='block_1_5' title="bbox 289 1996 1469 2391">
    <p class='ocr_par' dir='ltr' id='par_1_5' title="bbox 289 1996 1469 2391">
     <span class='ocr_line' id='line_1_14' title="bbox 333 1996 1423 2083; baseline 0.004 -22"><span class='ocrx_word' id='word_1_97' title='bbox 333 1998 376 2061; x_wconf 91' lang='lat' dir='ltr'><strong>In</strong></span> <span class='ocrx_word' id='word_1_98' title='bbox 410 1996 523 2061; x_wconf 84' lang='lat' dir='ltr'><strong>esaia</strong></span> <span class='ocrx_word' id='word_1_99' title='bbox 554 1997 765 2080; x_wconf 84' lang='lat' dir='ltr'><strong>propheta:</strong></span> <span class='ocrx_word' id='word_1_100' title='bbox 797 1997 889 2063; x_wconf 87' lang='lat' dir='ltr'><strong>Nunc</strong></span> <span class='ocrx_word' id='word_1_101' title='bbox 917 1998 1023 2063; x_wconf 86' lang='lat' dir='ltr'><strong>antem</strong></span> <span class='ocrx_word' id='word_1_102' title='bbox 1051 1998 1200 2064; x_wconf 73' lang='lat' dir='ltr'><strong>nuntiabo</strong></span> <span class='ocrx_word' id='word_1_103' title='bbox 1226 1998 1319 2065; x_wconf 81' lang='lat' dir='ltr'><strong>uobis</strong></span> <span class='ocrx_word' id='word_1_104' title='bbox 1342 1998 1423 2083; x_wconf 84' lang='lat' dir='ltr'><strong>qnid</strong></span> 
     </span>
     <span class='ocr_line' id='line_1_15' title="bbox 289 2093 1424 2179; baseline 0.002 -14"><span class='ocrx_word' id='word_1_105' title='bbox 289 2098 406 2165; x_wconf 80' lang='lat' dir='ltr'><strong>faciam</strong></span> <span class='ocrx_word' id='word_1_106' title='bbox 443 2098 556 2165; x_wconf 84' lang='lat' dir='ltr'><strong>uineae</strong></span> <span class='ocrx_word' id='word_1_107' title='bbox 591 2118 691 2179; x_wconf 88' lang='lat' dir='ltr'><strong>meae,</strong></span> <span class='ocrx_word' id='word_1_108' title='bbox 730 2100 871 2167; x_wconf 82' lang='lat' dir='ltr'><strong>auferam</strong></span> <span class='ocrx_word' id='word_1_109' title='bbox 906 2093 1078 2167; x_wconf 86' lang='lat' dir='ltr'><strong>maceriam</strong></span> <span class='ocrx_word' id='word_1_110' title='bbox 1116 2102 1184 2166; x_wconf 84' lang='lat' dir='ltr'><strong>eino</strong></span> <span class='ocrx_word' id='word_1_111' title='bbox 1221 2107 1254 2166; x_wconf 86' lang='lat' dir='ltr'><strong>et</strong></span> <span class='ocrx_word' id='word_1_112' title='bbox 1290 2102 1352 2167; x_wconf 82' lang='lat' dir='ltr'><strong>orit</strong></span> <span class='ocrx_word' id='word_1_113' title='bbox 1388 2103 1424 2167; x_wconf 92' lang='lat' dir='ltr'><strong>in</strong></span> 
     </span>
     <span class='ocr_line' id='line_1_16' title="bbox 290 2202 1469 2287; baseline -0.001 -18"><span class='ocrx_word' id='word_1_114' title='bbox 290 2202 509 2286; x_wconf 72' lang='lat' dir='ltr'><strong>direptionem,</strong></span> <span class='ocrx_word' id='word_1_115' title='bbox 544 2203 576 2269; x_wconf 88' lang='lat' dir='ltr'><strong>et</strong></span> <span class='ocrx_word' id='word_1_116' title='bbox 609 2203 770 2270; x_wconf 79' lang='lat' dir='ltr'><strong>destruam</strong></span> <span class='ocrx_word' id='word_1_117' title='bbox 803 2204 958 2287; x_wconf 84' lang='lat' dir='ltr'><strong>parietem</strong></span> <span class='ocrx_word' id='word_1_118' title='bbox 991 2204 1059 2270; x_wconf 83' lang='lat' dir='ltr'><strong>eine</strong></span> <span class='ocrx_word' id='word_1_119' title='bbox 1081 2204 1115 2270; x_wconf 88' lang='lat' dir='ltr'><strong>et</strong></span> <span class='ocrx_word' id='word_1_120' title='bbox 1142 2204 1204 2269; x_wconf 87' lang='lat' dir='ltr'><strong>erit</strong></span> <span class='ocrx_word' id='word_1_121' title='bbox 1230 2204 1265 2270; x_wconf 92' lang='lat' dir='ltr'><strong>in</strong></span> <span class='ocrx_word' id='word_1_122' title='bbox 1285 2206 1423 2271; x_wconf 88' lang='lat' dir='ltr'><strong>concul—</strong></span> <span class='ocrx_word' id='word_1_123' title='bbox 1437 2228 1469 2268; x_wconf 66' lang='grc' dir='ltr'><strong>ιε</strong></span> 
     </span>
     <span class='ocr_line' id='line_1_17' title="bbox 289 2306 1423 2391; baseline 0.002 -20"><span class='ocrx_word' id='word_1_124' title='bbox 289 2306 458 2372; x_wconf 85' lang='lat' dir='ltr'><strong>cationem.</strong></span> <span class='ocrx_word' id='word_1_125' title='bbox 491 2306 523 2372; x_wconf 89' lang='lat' dir='ltr'><strong>et</strong></span> <span class='ocrx_word' id='word_1_126' title='bbox 542 2306 679 2373; x_wconf 83' lang='lat' dir='ltr'><strong>nubibus</strong></span> <span class='ocrx_word' id='word_1_127' title='bbox 699 2306 858 2373; x_wconf 89' lang='lat' dir='ltr'><strong>mandabo</strong></span> <span class='ocrx_word' id='word_1_128' title='bbox 880 2326 920 2371; x_wconf 85' lang='lat' dir='ltr'><strong>ne</strong></span> <span class='ocrx_word' id='word_1_129' title='bbox 940 2307 1052 2391; x_wconf 84' lang='lat' dir='ltr'><strong>pluant</strong></span> <span class='ocrx_word' id='word_1_130' title='bbox 1072 2326 1165 2390; x_wconf 76' lang='lat' dir='ltr'><strong>super</strong></span> <span class='ocrx_word' id='word_1_131' title='bbox 1181 2326 1252 2373; x_wconf 90' lang='lat' dir='ltr'><strong>eam</strong></span> <span class='ocrx_word' id='word_1_132' title='bbox 1266 2308 1423 2391; x_wconf 73' lang='lat' dir='ltr'><strong>pluuium</strong></span> 
     </span>
    </p>
   </div>
   <div class='ocr_carea' id='block_1_6' title="bbox 237 2536 1428 2697">
    <p class='ocr_par' dir='ltr' id='par_1_6' title="bbox 237 2536 1428 2697">
     <span class='ocr_line' id='line_1_18' title="bbox 237 2536 1428 2608; baseline 0.005 -16"><span class='ocrx_word' id='word_1_133' title='bbox 237 2551 261 2592; x_wconf 73' lang='grc' dir='ltr'><strong><em>α</em></strong></span> <span class='ocrx_word' id='word_1_134' title='bbox 334 2536 432 2597; x_wconf 79' lang='lat' dir='ltr'><strong>cm.</strong></span> <span class='ocrx_word' id='word_1_135' title='bbox 465 2555 550 2608; x_wconf 78' lang='lat' dir='ltr'><strong>ouon</strong></span> <span class='ocrx_word' id='word_1_136' title='bbox 578 2554 689 2597; x_wconf 75' lang='lat' dir='ltr'><strong>aaron</strong></span> <span class='ocrx_word' id='word_1_137' title='bbox 717 2554 859 2597; x_wconf 73' lang='lat' dir='ltr'><strong>uouemus</strong></span> <span class='ocrx_word' id='word_1_138' title='bbox 886 2556 921 2597; x_wconf 83' lang='lat' dir='ltr'><strong>un</strong></span> <span class='ocrx_word' id='word_1_139' title='bbox 950 2556 1168 2599; x_wconf 78' lang='lat' dir='ltr'><strong>emunnvnnm</strong></span> <span class='ocrx_word' id='word_1_140' title='bbox 1189 2556 1318 2598; x_wconf 76' lang='lat' dir='ltr'><strong>mm</strong></span> <span class='ocrx_word' id='word_1_141' title='bbox 1340 2558 1428 2599; x_wconf 76' lang='lat' dir='ltr'><strong>aurun</strong></span> 
     </span>
     <span class='ocr_line' id='line_1_19' title="bbox 289 2621 1427 2697; baseline -0.003 -12"><span class='ocrx_word' id='word_1_142' title='bbox 289 2642 415 2685; x_wconf 78' lang='lat' dir='ltr'><strong>vocam.</strong></span> <span class='ocrx_word' id='word_1_143' title='bbox 437 2621 477 2681; x_wconf 94' lang='lat' dir='ltr'><strong>In</strong></span> <span class='ocrx_word' id='word_1_144' title='bbox 498 2622 603 2681; x_wconf 77' lang='lat' dir='ltr'><strong>esaia</strong></span> <span class='ocrx_word' id='word_1_145' title='bbox 624 2637 698 2695; x_wconf 83' lang='lat' dir='ltr'><strong>cap.</strong></span> <span class='ocrx_word' id='word_1_146' title='bbox 795 2640 803 2678; x_wconf 74' lang='grc' dir='ltr'><strong>ε</strong></span> <span class='ocrx_word' id='word_1_147' title='bbox 830 2622 915 2681; x_wconf 80' lang='lat' dir='ltr'><strong>Nunc</strong></span> <span class='ocrx_word' id='word_1_148' title='bbox 936 2623 1031 2681; x_wconf 79' lang='lat' dir='ltr'><strong>autem</strong></span> <span class='ocrx_word' id='word_1_149' title='bbox 1051 2621 1224 2682; x_wconf 75' lang='lat' dir='ltr'><strong>adnunb‘abo</strong></span> <span class='ocrx_word' id='word_1_150' title='bbox 1244 2623 1329 2682; x_wconf 80' lang='lat' dir='ltr'><strong>nobie</strong></span> <span class='ocrx_word' id='word_1_151' title='bbox 1350 2624 1427 2697; x_wconf 81' lang='lat' dir='ltr'><strong>quid</strong></span> 
     </span>
    </p>
   </div>
   <div class='ocr_carea' id='block_1_7' title="bbox 232 2829 1469 3091">
    <p class='ocr_par' dir='ltr' id='par_1_7' title="bbox 232 2829 1469 3091">
     <span class='ocr_line' id='line_1_20' title="bbox 232 2829 1427 2917; baseline 0.002 -13"><span class='ocrx_word' id='word_1_152' title='bbox 232 2861 263 2917; x_wconf 70' lang='grc' dir='ltr'><strong>,μ</strong></span> <span class='ocrx_word' id='word_1_153' title='bbox 335 2842 421 2904; x_wconf 80' lang='lat' dir='ltr'><strong>cm.</strong></span> <span class='ocrx_word' id='word_1_154' title='bbox 454 2863 540 2917; x_wconf 76' lang='lat' dir='ltr'><strong>ouon</strong></span> <span class='ocrx_word' id='word_1_155' title='bbox 571 2862 682 2905; x_wconf 75' lang='lat' dir='ltr'><strong>annom</strong></span> <span class='ocrx_word' id='word_1_156' title='bbox 711 2862 852 2905; x_wconf 78' lang='lat' dir='ltr'><strong>nome</strong></span> <span class='ocrx_word' id='word_1_157' title='bbox 881 2863 916 2903; x_wconf 80' lang='lat' dir='ltr'><strong>nn</strong></span> <span class='ocrx_word' id='word_1_158' title='bbox 945 2862 1163 2905; x_wconf 79' lang='lat' dir='ltr'><strong>smmrvmnn</strong></span> <span class='ocrx_word' id='word_1_159' title='bbox 1192 2864 1319 2905; x_wconf 71' lang='lat' dir='ltr'><strong>novumn</strong></span> <span class='ocrx_word' id='word_1_160' title='bbox 1350 2829 1427 2906; x_wconf 65' lang='lat' dir='ltr'><strong>urm</strong></span> 
     </span>
     <span class='ocr_line' id='line_1_21' title="bbox 286 2928 1469 3004; baseline 0 -11"><span class='ocrx_word' id='word_1_161' title='bbox 286 2938 416 2993; x_wconf 79' lang='lat' dir='ltr'><strong>&#39;voonun</strong></span> <span class='ocrx_word' id='word_1_162' title='bbox 445 2930 485 2989; x_wconf 94' lang='lat' dir='ltr'><strong>In</strong></span> <span class='ocrx_word' id='word_1_163' title='bbox 507 2930 613 2989; x_wconf 80' lang='lat' dir='ltr'><strong>esaia</strong></span> <span class='ocrx_word' id='word_1_164' title='bbox 634 2945 707 3004; x_wconf 82' lang='lat' dir='ltr'><strong>cap.</strong></span> <span class='ocrx_word' id='word_1_165' title='bbox 797 2948 804 2986; x_wconf 93' lang='lat'><strong>:</strong></span> <span class='ocrx_word' id='word_1_166' title='bbox 832 2929 872 2987; x_wconf 79' lang='lat' dir='ltr'><strong>Et</strong></span> <span class='ocrx_word' id='word_1_167' title='bbox 892 2945 968 2988; x_wconf 90' lang='lat' dir='ltr'><strong>nunc</strong></span> <span class='ocrx_word' id='word_1_168' title='bbox 989 2928 1135 2987; x_wconf 81' lang='lat' dir='ltr'><strong>ootendom</strong></span> <span class='ocrx_word' id='word_1_169' title='bbox 1160 2929 1245 2989; x_wconf 83' lang='lat' dir='ltr'><strong>uobia</strong></span> <span class='ocrx_word' id='word_1_170' title='bbox 1270 2929 1341 3004; x_wconf 85' lang='lat' dir='ltr'><strong>qnid</strong></span> <span class='ocrx_word' id='word_1_171' title='bbox 1366 2947 1469 3004; x_wconf 67' lang='lat' dir='ltr'><strong>egon</strong></span> 
     </span>
     <span class='ocr_line' id='line_1_22' title="bbox 291 3014 1426 3091; baseline -0.002 -16"><span class='ocrx_word' id='word_1_172' title='bbox 291 3016 396 3075; x_wconf 81' lang='lat' dir='ltr'><strong>daciam</strong></span> <span class='ocrx_word' id='word_1_173' title='bbox 417 3015 517 3075; x_wconf 75' lang='lat' dir='ltr'><strong>uineae</strong></span> <span class='ocrx_word' id='word_1_174' title='bbox 538 3032 617 3074; x_wconf 86' lang='lat' dir='ltr'><strong>meae</strong></span> <span class='ocrx_word' id='word_1_175' title='bbox 639 3031 753 3090; x_wconf 78' lang='lat' dir='ltr'><strong>usque</strong></span> <span class='ocrx_word' id='word_1_176' title='bbox 774 3016 805 3073; x_wconf 87' lang='lat' dir='ltr'><strong>et</strong></span> <span class='ocrx_word' id='word_1_177' title='bbox 824 3014 950 3074; x_wconf 74' lang='lat' dir='ltr'><strong>nubibus</strong></span> <span class='ocrx_word' id='word_1_178' title='bbox 971 3014 1121 3085; x_wconf 81' lang='lat' dir='ltr'><strong>mandabo,</strong></span> <span class='ocrx_word' id='word_1_179' title='bbox 1143 3030 1180 3073; x_wconf 86' lang='lat' dir='ltr'><strong>nc</strong></span> <span class='ocrx_word' id='word_1_180' title='bbox 1201 3014 1321 3090; x_wconf 81' lang='lat' dir='ltr'><strong>pluuant</strong></span> <span class='ocrx_word' id='word_1_181' title='bbox 1335 3034 1426 3091; x_wconf 76' lang='lat' dir='ltr'><strong>cuper</strong></span> 
     </span>
    </p>
   </div>
   <div class='ocr_carea' id='block_1_8' title="bbox 394 3231 650 3301">
    <p class='ocr_par' dir='ltr' id='par_1_8' title="bbox 394 3231 650 3301">
     <span class='ocr_line' id='line_1_23' title="bbox 394 3231 650 3301; baseline -0.004 -14"><span class='ocrx_word' id='word_1_182' title='bbox 394 3232 427 3287; x_wconf 82' lang='lat'><strong>13</strong></span> <span class='ocrx_word' id='word_1_183' title='bbox 447 3231 491 3288; x_wconf 76' lang='lat' dir='ltr'><strong>ns.</strong></span> <span class='ocrx_word' id='word_1_184' title='bbox 511 3232 535 3301; x_wconf 81' lang='lat'><strong>5,</strong></span> <span class='ocrx_word' id='word_1_185' title='bbox 554 3232 570 3287; x_wconf 82' lang='lat'>5</span> <span class='ocrx_word' id='word_1_186' title='bbox 589 3232 650 3286; x_wconf 73' lang='lat' dir='ltr'><strong>etc</strong></span> 
     </span>
    </p>
   </div>
   <div class='ocr_carea' id='block_1_9' title="bbox 289 3434 1428 4105">
    <p class='ocr_par' dir='ltr' id='par_1_9' title="bbox 289 3434 1428 4105">
     <span class='ocr_line' id='line_1_24' title="bbox 345 3434 1428 3507; baseline 0.002 -16"><span class='ocrx_word' id='word_1_187' title='bbox 345 3438 359 3491; x_wconf 91' lang='lat'>1</span> <span class='ocrx_word' id='word_1_188' title='bbox 385 3435 536 3491; x_wconf 84' lang='lat' dir='ltr'><strong>ceciderunt</strong></span> <span class='ocrx_word' id='word_1_189' title='bbox 558 3434 629 3490; x_wconf 78' lang='lat' dir='ltr'><strong>Md:</strong></span> <span class='ocrx_word' id='word_1_190' title='bbox 658 3434 784 3491; x_wconf 81' lang='lat' dir='ltr'><strong>eoderunt</strong></span> <span class='ocrx_word' id='word_1_191' title='bbox 807 3436 841 3501; x_wconf 78' lang='lat' dir='ltr'><strong>S,</strong></span> <span class='ocrx_word' id='word_1_192' title='bbox 871 3434 1014 3490; x_wconf 75' lang='lat' dir='ltr'><strong>eaederm</strong></span> <span class='ocrx_word' id='word_1_193' title='bbox 1036 3436 1065 3491; x_wconf 80' lang='lat' dir='ltr'><strong><em>L</em></strong></span> <span class='ocrx_word' id='word_1_194' title='bbox 1165 3451 1229 3491; x_wconf 86' lang='lat' dir='ltr'><strong>uero</strong></span> <span class='ocrx_word' id='word_1_195' title='bbox 1249 3437 1309 3507; x_wconf 56' lang='lat' dir='ltr'><strong>ab]</strong></span> <span class='ocrx_word' id='word_1_196' title='bbox 1330 3438 1428 3493; x_wconf 71' lang='lat' dir='ltr'><strong>eutem</strong></span> 
     </span>
     <span class='ocr_line' id='line_1_25' title="bbox 290 3518 1357 3593; baseline 0 -14"><span class='ocrx_word' id='word_1_197' title='bbox 290 3522 380 3579; x_wconf 78' lang='lat' dir='ltr'><strong>MLO</strong></span> <span class='ocrx_word' id='word_1_198' title='bbox 501 3521 689 3593; x_wconf 76' lang='lat' dir='ltr'><strong>lapidauerunt</strong></span> <span class='ocrx_word' id='word_1_199' title='bbox 713 3521 753 3577; x_wconf 80' lang='lat' dir='ltr'><strong>So</strong></span> <span class='ocrx_word' id='word_1_200' title='bbox 777 3518 1012 3592; x_wconf 49' lang='lat' dir='ltr'><strong>(commemo</strong></span> <span class='ocrx_word' id='word_1_201' title='bbox 1042 3521 1241 3579; x_wconf 64' lang='lat' dir='ltr'><strong>dceelltuerunt</strong></span> <span class='ocrx_word' id='word_1_202' title='bbox 1265 3523 1357 3579; x_wconf 74' lang='lat' dir='ltr'><strong>mc</strong></span> 
     </span>
     <span class='ocr_line' id='line_1_26' title="bbox 289 3606 1427 3678; baseline 0.001 -14"><span class='ocrx_word' id='word_1_203' title='bbox 289 3610 307 3664; x_wconf 79' lang='grc'>6</span> <span class='ocrx_word' id='word_1_204' title='bbox 332 3607 539 3678; x_wconf 78' lang='lat' dir='ltr'><strong>adpraehenuum</strong></span> <span class='ocrx_word' id='word_1_205' title='bbox 557 3607 590 3673; x_wconf 78' lang='lat' dir='ltr'><strong>S,</strong></span> <span class='ocrx_word' id='word_1_206' title='bbox 620 3606 702 3677; x_wconf 79' lang='lat' dir='ltr'><strong>apph-</strong></span> <span class='ocrx_word' id='word_1_207' title='bbox 720 3606 780 3664; x_wconf 80' lang='grc' dir='ltr'><strong>ΜΟ</strong></span> <span class='ocrx_word' id='word_1_208' title='bbox 879 3622 939 3661; x_wconf 86' lang='lat' dir='ltr'><strong>eum</strong></span> <span class='ocrx_word' id='word_1_209' title='bbox 963 3623 1014 3663; x_wconf 76' lang='lat' dir='ltr'><strong>oua.</strong></span> <span class='ocrx_word' id='word_1_210' title='bbox 1036 3606 1076 3663; x_wconf 83' lang='lat' dir='ltr'><strong>Oo</strong></span> <span class='ocrx_word' id='word_1_211' title='bbox 1177 3606 1329 3663; x_wconf 72' lang='lat' dir='ltr'><strong>dimotum</strong></span> <span class='ocrx_word' id='word_1_212' title='bbox 1352 3609 1427 3676; x_wconf 76' lang='lat' dir='ltr'><strong>seo,</strong></span> 
     </span>
     <span class='ocr_line' id='line_1_27' title="bbox 289 3693 1428 3764; baseline 0 -13"><span class='ocrx_word' id='word_1_213' title='bbox 289 3696 458 3761; x_wconf 68' lang='lat' dir='ltr'><strong>dructosffl,</strong></span> <span class='ocrx_word' id='word_1_214' title='bbox 481 3694 581 3749; x_wconf 74' lang='lat' dir='ltr'><strong>tructus</strong></span> <span class='ocrx_word' id='word_1_215' title='bbox 593 3694 676 3764; x_wconf 71' lang='grc' dir='ltr'><strong>Μ,</strong></span> <span class='ocrx_word' id='word_1_216' title='bbox 698 3693 896 3764; x_wconf 73' lang='lat' dir='ltr'><strong>cobomoaeoo&#39;o</strong></span> <span class='ocrx_word' id='word_1_217' title='bbox 994 3694 1202 3751; x_wconf 72' lang='lat' dir='ltr'><strong>inorrudILOo</strong></span> <span class='ocrx_word' id='word_1_218' title='bbox 1304 3693 1428 3751; x_wconf 69' lang='lat' dir='ltr'><strong>lammi-</strong></span> 
     </span>
     <span class='ocr_line' id='line_1_28' title="bbox 289 3778 1427 3849; baseline -0.004 -11"><span class='ocrx_word' id='word_1_219' title='bbox 289 3782 403 3839; x_wconf 83' lang='lat' dir='ltr'><strong>litudine</strong></span> <span class='ocrx_word' id='word_1_220' title='bbox 425 3780 528 3837; x_wconf 79' lang='lat' dir='ltr'><em>MVO=</em></span> <span class='ocrx_word' id='word_1_221' title='bbox 556 3778 756 3835; x_wconf 76' lang='lat' dir='ltr'><strong>similitudinem</strong></span> <span class='ocrx_word' id='word_1_222' title='bbox 778 3779 827 3836; x_wconf 81' lang='lat' dir='ltr'><strong>SL</strong></span> <span class='ocrx_word' id='word_1_223' title='bbox 927 3781 985 3834; x_wconf 71' lang='lat' dir='ltr'><strong>nint</strong></span> <span class='ocrx_word' id='word_1_224' title='bbox 1005 3780 1041 3836; x_wconf 72' lang='grc' dir='ltr'><em>δέ</em></span> <span class='ocrx_word' id='word_1_225' title='bbox 1069 3782 1132 3835; x_wconf 79' lang='lat' dir='ltr'><strong>eunt</strong></span> <span class='ocrx_word' id='word_1_226' title='bbox 1154 3779 1273 3837; x_wconf 79' lang='lat' dir='ltr'><strong><em>MVLO</em></strong></span> <span class='ocrx_word' id='word_1_227' title='bbox 1290 3779 1337 3849; x_wconf 73' lang='lat' dir='ltr'><strong>(cf.</strong></span> <span class='ocrx_word' id='word_1_228' title='bbox 1355 3782 1427 3848; x_wconf 68' lang='lat'><strong>291,</strong></span> 
     </span>
     <span class='ocr_line' id='line_1_29' title="bbox 289 3863 1426 3937; baseline -0.004 -14"><span class='ocrx_word' id='word_1_229' title='bbox 289 3869 337 3937; x_wconf 84' lang='grc'><strong>18)</strong></span> <span class='ocrx_word' id='word_1_230' title='bbox 443 3864 477 3921; x_wconf 81' lang='grc'><strong>18</strong></span> <span class='ocrx_word' id='word_1_231' title='bbox 497 3864 529 3919; x_wconf 91' lang='lat' dir='ltr'><strong>In</strong></span> <span class='ocrx_word' id='word_1_232' title='bbox 552 3866 626 3919; x_wconf 75' lang='lat' dir='ltr'><strong>occia</strong></span> <span class='ocrx_word' id='word_1_233' title='bbox 643 3865 685 3933; x_wconf 69' lang='lat' dir='ltr'><strong>(ie</strong></span> <span class='ocrx_word' id='word_1_234' title='bbox 703 3864 739 3929; x_wconf 84' lang='lat' dir='ltr'><strong>L,</strong></span> <span class='ocrx_word' id='word_1_235' title='bbox 756 3880 798 3935; x_wconf 79' lang='lat' dir='ltr'><strong>yu-</strong></span> <span class='ocrx_word' id='word_1_236' title='bbox 818 3865 874 3930; x_wconf 74' lang='lat' dir='ltr'><strong>VO)</strong></span> <span class='ocrx_word' id='word_1_237' title='bbox 891 3864 1020 3921; x_wconf 76' lang='lat' dir='ltr'><strong>mo:</strong></span> <span class='ocrx_word' id='word_1_238' title='bbox 1046 3864 1115 3920; x_wconf 77' lang='lat' dir='ltr'><strong>Item</strong></span> <span class='ocrx_word' id='word_1_239' title='bbox 1136 3864 1166 3920; x_wconf 82' lang='lat' dir='ltr'><strong>in</strong></span> <span class='ocrx_word' id='word_1_240' title='bbox 1185 3866 1260 3935; x_wconf 73' lang='lat' dir='ltr'><strong>esaia</strong></span> <span class='ocrx_word' id='word_1_241' title='bbox 1274 3863 1314 3935; x_wconf 71' lang='lat' dir='ltr'><strong>pt</strong></span> <span class='ocrx_word' id='word_1_242' title='bbox 1331 3863 1426 3933; x_wconf 61' lang='lat' dir='ltr'><strong>SM.</strong></span> 
     </span>
     <span class='ocr_line' id='line_1_30' title="bbox 290 3949 1427 4022; baseline -0.003 -14"><span class='ocrx_word' id='word_1_243' title='bbox 290 3954 357 4009; x_wconf 78' lang='lat' dir='ltr'><strong>Mai</strong></span> <span class='ocrx_word' id='word_1_244' title='bbox 374 3970 404 4022; x_wconf 74' lang='lat'><strong>1³·</strong></span> <span class='ocrx_word' id='word_1_245' title='bbox 423 3956 467 4021; x_wconf 84' lang='grc'><strong>98,</strong></span> <span class='ocrx_word' id='word_1_246' title='bbox 486 3952 534 4005; x_wconf 74' lang='lat' dir='ltr'><strong>tio.</strong></span> <span class='ocrx_word' id='word_1_247' title='bbox 553 3952 600 4019; x_wconf 79' lang='lat'><strong>30)</strong></span> <span class='ocrx_word' id='word_1_248' title='bbox 703 3950 834 4005; x_wconf 88' lang='lat' dir='ltr'><strong>nuntiabo</strong></span> <span class='ocrx_word' id='word_1_249' title='bbox 857 3950 891 4006; x_wconf 73' lang='lat'><strong>8:</strong></span> <span class='ocrx_word' id='word_1_250' title='bbox 919 3949 1085 4004; x_wconf 74' lang='lat' dir='ltr'><strong>adnuntiabo</strong></span> <span class='ocrx_word' id='word_1_251' title='bbox 1107 3950 1183 4021; x_wconf 78' lang='lat' dir='ltr'><strong>(onn-</strong></span> <span class='ocrx_word' id='word_1_252' title='bbox 1200 3950 1279 4019; x_wconf 77' lang='lat' dir='ltr'><strong>MV)</strong></span> <span class='ocrx_word' id='word_1_253' title='bbox 1300 3949 1427 4021; x_wconf 77' lang='lat' dir='ltr'><strong><em>MVLG,</em></strong></span> 
     </span>
     <span class='ocr_line' id='line_1_31' title="bbox 291 4034 1427 4105; baseline -0.003 -11"><span class='ocrx_word' id='word_1_254' title='bbox 291 4036 464 4094; x_wconf 75' lang='lat' dir='ltr'><strong>ostendamo</strong></span> <span class='ocrx_word' id='word_1_255' title='bbox 549 4036 584 4089; x_wconf 84' lang='lat'><strong>14</strong></span> <span class='ocrx_word' id='word_1_256' title='bbox 600 4036 760 4090; x_wconf 80' lang='lat' dir='ltr'><strong>macheriam</strong></span> <span class='ocrx_word' id='word_1_257' title='bbox 778 4035 886 4092; x_wconf 71' lang='lat' dir='ltr'><strong>cmo</strong></span> <span class='ocrx_word' id='word_1_258' title='bbox 969 4035 1003 4091; x_wconf 81' lang='lat'><strong>15</strong></span> <span class='ocrx_word' id='word_1_259' title='bbox 1021 4034 1212 4105; x_wconf 68' lang='lat' dir='ltr'><strong>direptioness</strong></span> <span class='ocrx_word' id='word_1_260' title='bbox 1293 4035 1427 4091; x_wconf 68' lang='lat' dir='ltr'><strong>danum</strong></span> 
     </span>
    </p>
   </div>
   <div class='ocr_carea' id='block_1_10' title="bbox 291 4124 1429 4384">
    <p class='ocr_par' dir='ltr' id='par_1_10' title="bbox 291 4124 1429 4384">
     <span class='ocr_line' id='line_1_32' title="bbox 291 4124 1423 4212; baseline -0.003 -13"><span class='ocrx_word' id='word_1_261' title='bbox 291 4144 316 4199; x_wconf 70' lang='grc' dir='ltr'><strong>δ’</strong></span> <span class='ocrx_word' id='word_1_262' title='bbox 415 4143 443 4196; x_wconf 84' lang='lat' dir='ltr'><strong>et</strong></span> <span class='ocrx_word' id='word_1_263' title='bbox 458 4142 463 4209; x_wconf 87' lang='grc' dir='ltr'>Ι</span> <span class='ocrx_word' id='word_1_264' title='bbox 478 4142 529 4195; x_wconf 88' lang='lat' dir='ltr'><strong>erit</strong></span> <span class='ocrx_word' id='word_1_265' title='bbox 549 4124 781 4203; x_wconf 59' lang='lat' dir='ltr'><strong>&#39;concanonicum</strong></span> <span class='ocrx_word' id='word_1_266' title='bbox 806 4140 876 4196; x_wconf 87' lang='lat' dir='ltr'><strong>Item</strong></span> <span class='ocrx_word' id='word_1_267' title='bbox 901 4140 956 4195; x_wconf 90' lang='lat' dir='ltr'><strong>illic</strong></span> <span class='ocrx_word' id='word_1_268' title='bbox 982 4144 1010 4195; x_wconf 86' lang='lat' dir='ltr'><strong>et</strong></span> <span class='ocrx_word' id='word_1_269' title='bbox 1036 4140 1066 4193; x_wconf 90' lang='lat' dir='ltr'><strong>in</strong></span> <span class='ocrx_word' id='word_1_270' title='bbox 1087 4140 1202 4195; x_wconf 73' lang='lat' dir='ltr'><strong>nubibus</strong></span> <span class='ocrx_word' id='word_1_271' title='bbox 1216 4140 1223 4212; x_wconf 87' lang='grc' dir='ltr'>Ι</span> <span class='ocrx_word' id='word_1_272' title='bbox 1236 4140 1393 4196; x_wconf 75' lang='lat' dir='ltr'><strong>mandabo.</strong></span> <span class='ocrx_word' id='word_1_273' title='bbox 1409 4178 1423 4197; x_wconf 89' lang='lat'><strong>.</strong></span> 
     </span>
     <span class='ocr_line' id='line_1_33' title="bbox 292 4226 1429 4297; baseline -0.001 -14"><span class='ocrx_word' id='word_1_274' title='bbox 292 4228 316 4283; x_wconf 81' lang='lat' dir='ltr'><strong><em>S</em></strong></span> <span class='ocrx_word' id='word_1_275' title='bbox 364 4236 367 4247; x_wconf 84' lang='lat'>&#39;</span> <span class='ocrx_word' id='word_1_276' title='bbox 416 4228 449 4282; x_wconf 79' lang='lat'><strong>16</strong></span> <span class='ocrx_word' id='word_1_277' title='bbox 466 4226 556 4297; x_wconf 76' lang='lat' dir='ltr'><strong>pluuia</strong></span> <span class='ocrx_word' id='word_1_278' title='bbox 572 4226 703 4296; x_wconf 75' lang='lat' dir='ltr'><strong>Itcmlin</strong></span> <span class='ocrx_word' id='word_1_279' title='bbox 721 4226 830 4282; x_wconf 86' lang='lat' dir='ltr'><strong>deutero</strong></span> <span class='ocrx_word' id='word_1_280' title='bbox 846 4228 949 4290; x_wconf 71' lang='lat' dir='ltr'><strong>nemim</strong></span> <span class='ocrx_word' id='word_1_281' title='bbox 968 4226 1161 4297; x_wconf 81' lang='lat' dir='ltr'><strong>expecteturS</strong></span> <span class='ocrx_word' id='word_1_282' title='bbox 1262 4227 1298 4282; x_wconf 76' lang='grc'><strong>19</strong></span> <span class='ocrx_word' id='word_1_283' title='bbox 1314 4230 1379 4281; x_wconf 74' lang='lat' dir='ltr'><strong>mni</strong></span> <span class='ocrx_word' id='word_1_284' title='bbox 1396 4230 1429 4295; x_wconf 86' lang='lat' dir='ltr'><strong>(u</strong></span> 
     </span>
     <span class='ocr_line' id='line_1_34' title="bbox 291 4308 965 4384; baseline 0 -17"><span class='ocrx_word' id='word_1_285' title='bbox 291 4328 313 4367; x_wconf 80' lang='lat' dir='ltr'><strong>a.</strong></span> <span class='ocrx_word' id='word_1_286' title='bbox 332 4308 349 4367; x_wconf 75' lang='lat'><strong>2.</strong></span> <span class='ocrx_word' id='word_1_287' title='bbox 363 4326 419 4381; x_wconf 76' lang='lat' dir='ltr'><strong>pro</strong></span> <span class='ocrx_word' id='word_1_288' title='bbox 436 4313 447 4365; x_wconf 92' lang='lat' dir='ltr'><strong>i</strong></span> <span class='ocrx_word' id='word_1_289' title='bbox 464 4318 623 4367; x_wconf 74' lang='lat' dir='ltr'><strong>atramento</strong></span> <span class='ocrx_word' id='word_1_290' title='bbox 641 4328 702 4384; x_wconf 66' lang='lat' dir='ltr'><strong>eor„</strong></span> <span class='ocrx_word' id='word_1_291' title='bbox 721 4319 814 4369; x_wconf 81' lang='lat' dir='ltr'><strong>cetero</strong></span> <span class='ocrx_word' id='word_1_292' title='bbox 831 4313 927 4381; x_wconf 66' lang='lat' dir='ltr'><strong>micio)</strong></span> <span class='ocrx_word' id='word_1_293' title='bbox 945 4330 965 4381; x_wconf 82' lang='grc' dir='ltr'>μ</span> 
     </span>
    </p>
   </div>
   <div class='ocr_carea' id='block_1_11' title="bbox 0 0 1592 4967">
    <p class='ocr_par' dir='ltr' id='par_1_11' title="bbox 0 0 1592 4967">
     <span class='ocr_line' id='line_1_35' title="bbox 0 0 1592 4967; baseline 0 0"><span class='ocrx_word' id='word_1_294' title='bbox 0 0 1592 4967; x_wconf 95' lang='lat' dir='ltr'><strong> </strong></span> 
     </span>
    </p>
   </div>
  </div>
 </body>
</html>
