3159 4967
402 458 450 512 De
468 456 595 512 diuinis
612 457 793 526 seripturis
810 460 883 513 siue
902 459 1084 528 Speculum.
1247 463 1311 528 465

182 646 294 728 spiritu
317 646 462 712 suluabit.
508 648 606 712 Item
629 647 666 712 iu
691 647 804 714 esaia
825 649 1033 732 propheta:
1059 649 1140 731 Quia
1161 649 1310 716 misertus

184 750 233 814 ost
262 748 340 815 <leus
368 750 483 834 populo
514 769 581 830 auo,
613 750 646 815 et
673 746 809 815 humiles
838 751 945 834 populi
976 753 1024 817 sui
1047 752 1227 818 consolatus
1251 753 1308 819 est.

182 851 282 918 Item
304 853 411 917 illio:
442 854 483 920 Et
514 852 555 918 ad
577 871 671 936 quem
692 853 872 936 respiciam,
903 854 981 920 dicit
1009 855 1163 935 (lominus,
1186 855 1246 921 uisi
1270 854 1311 922 ad

182 955 335 1020 humilem
365 956 397 1022 et
427 956 576 1038 quietum-
602 957 635 1022 et
665 956 853 1024 trementem
883 957 981 1024 uerba
1008 962 1105 1024 mea?
1147 959 1248 1024 Item
1270 959 1310 1024 iu

157 1058 398 1142 seuaugelio
435 1057 654 1124 seeundum
682 1058 943 1126 matthaeum:
978 1059 1174 1144 Qruioumqus
1203 1062 1311 1128 autem

183 1159 398 1226 humilieuerit
427 1179 472 1239 se,
503 1161 701 1241 exaltabitur,
732 1163 766 1228 et
794 1161 848 1246 qui
877 1181 912 1228 ss
935 1163 1131 1243 exaltuuerit‚
1161 1164 1311 1232 humilia-

183 1263 278 1328 bitur.
321 1264 424 1330 Item
446 1264 485 1330 iu
507 1263 684 1347 epistula
704 1263 809 1347 petri
831 1265 862 1329 I:
894 1264 1011 1332 Omnes
1042 1266 1146 1332 autam
1173 1267 1312 1351 quietem

186 1367 219 1431 et
238 1365 449 1434 humilitatem
472 1366 569 1432 auimi
589 1366 730 1433 induite:
753 1366 829 1450 quia
851 1366 995 1434 domiuus
1017 1369 1159 1452 superbis
1181 1370 1311 1450 resistit,

185 1468 356 1534 humilibus
379 1471 484 1538 autem
507 1470 564 1536 dat
584 1471 731 1554 gratiam.
774 1471 874 1538 Item
897 1471 1064 1538 iaoobus
1086 1473 1312 1556 apostolus:

149 1597 174 1637 ιο
185 1571 360 1638 Humiliato
388 1593 447 1640 uos
477 1573 546 1640 deo.
585 1574 617 1638 st
645 1574 785 1642 resistito
816 1574 954 1654 diabulo,
986 1575 1018 1642 et
1047 1574 1148 1658 lugiet
1170 1595 1190 1641 a
1211 1575 1311 1643 uobis.

186 1676 358 1759 proximats
389 1676 459 1757 deo,
487 1678 519 1744 et
540 1677 728 1760 proximabit
748 1678 850 1744 uobis
894 1677 992 1744 Item
1014 1678 1123 1744 illie:
1150 1678 1313 1748 Humilia-

187 1778 264 1844 mini
287 1780 358 1845 ants
382 1782 585 1863 conspectum
607 1779 735 1860 domiui,
761 1781 795 1846 et
818 1779 969 1847 exultabit
991 1799 1058 1848 uos.

191 1924 310 1999 spiritus
339 1923 472 1982 suluabit.
516 1921 562 1982 Iu
590 1918 696 1982 esaia
725 1936 797 1998 cap.
892 1943 899 1980 ε
928 1923 967 1982 Et
995 1921 1115 1983 humiles
1144 1920 1240 1998 populi
1271 1923 1317 1983 sui
1346 1939 1368 1981 α

191 2009 391 2069 consolabitur.
435 2009 523 2067 Item
545 2026 617 2084 cap.
706 2027 713 2066 ε
742 2009 780 2068 ht
803 2025 885 2082 quem
906 2009 1063 2084 respiciam,
1088 2008 1316 2080 multominus,

152 2097 249 2156 renisi
271 2095 308 2154 ad
328 2093 461 2154 humilem
483 2095 511 2153 st
532 2093 667 2168 quietum.
712 2093 915 2176 Secundum
936 2096 1114 2154 matheum
1136 2111 1208 2170 rap.
1309 2114 1316 2152 :

191 2182 364 2256 Quicumque
387 2181 480 2240 autem
500 2178 694 2240 humiliausrit
715 2197 746 2239 se
767 2181 797 2238 et
818 2179 997 2260 exaltabitur.
1035 2180 1167 2241 Petrus
1189 2180 1226 2240 iu
1247 2181 1317 2256 spi-

190 2265 290 2328 stula
310 2265 326 2324 I
348 2282 419 2340 esp.
509 2284 516 2322 ε
547 2264 651 2324 Omues
681 2265 804 2339 quietem
826 2268 854 2325 et
876 2267 1063 2326 bumilitatem
1086 2266 1173 2326 animi
1197 2265 1316 2337 intuita,

191 2353 259 2429 quia
295 2352 424 2411 domiuus
462 2351 601 2426 superbus
636 2350 760 2421 resistit,
802 2351 956 2412 humilibus
998 2354 1091 2412 sutem
1128 2351 1177 2412 dat
1212 2351 1317 2425 gratia

190 2438 342 2498 Iacobus
375 2453 451 2512 oap.
553 2456 561 2494 ι
594 2435 748 2496 Humiliate
779 2453 833 2496 uos
868 2437 927 2506 deo,
962 2438 990 2495 ot
1022 2435 1193 2512 proximabit
1224 2437 1317 2498 uobls.

152 2541 178 2583 ao
190 2521 279 2584 item
300 2541 372 2598 oap.
467 2540 474 2579 z
495 2521 693 2581 Humiliamiui
707 2522 737 2580 iu
753 2523 905 2598 eouspsotu
920 2522 1025 2580 domiui
1047 2525 1076 2581 et
1097 2521 1234 2581 sraltauit
1255 2538 1317 2581 uos.

193 2661 297 2738 spiritu
326 2659 458 2719 suluabit.
501 2660 544 2718 Iu
564 2659 668 2717 eseia
688 2673 760 2734 oap.
850 2677 857 2716 ε
885 2659 958 2730 Quia
980 2658 1141 2718 oousolatus
1164 2660 1208 2717 est
1230 2657 1317 2716 ‹lomi-
1349 2684 1372 2742 μ

192 2765 247 2808 uus
275 2746 410 2822 populum
436 2761 520 2804 suum
541 2747 572 2804 et
590 2759 745 2819 pauperum
767 2757 881 2804 suorum
902 2744 1088 2803 miserebitur.
1132 2743 1222 2802 Item
1245 2759 1319 2818 oap.

305 2851 313 2890 :
345 2832 391 2891 hd
418 2847 501 2905 quem
528 2831 689 2905 respiciam,
719 2827 789 2889 ‹lioit
818 2829 958 2900 domiuus,
989 2830 1046 2890 uisi
1076 2828 1112 2888 ad
1137 2823 1270 2889 humilem
1293 2829 1321 2890 et

194 2919 320 2993 quietum
347 2918 377 2976 et
400 2917 565 2975 hommum
585 2917 673 2976 uerba
692 2932 765 2975 mea.
811 2914 1217 2976 Secundummatbsum
1246 2931 1319 2991 oap.

155 3004 310 3064 ssXVHI:
332 3002 507 3076 Quiuumque
529 3018 597 3076 ergo
618 3001 810 3060 humiliauerit
831 3019 871 3061 se.
914 3002 1045 3060 Petrus
1067 3001 1102 3059 in
1125 3000 1286 3076 epistula
1307 2999 1322 3060 1

195 3108 268 3165 eup.
291 3089 421 3148 XVIIII:
452 3087 557 3148 Omnes
580 3088 815 3147 autemirruloem
836 3087 1023 3146 humilitatem
1046 3087 1187 3145 insinuato
1209 3101 1322 3161 usque

195 3175 349 3250 humilibus
370 3175 467 3234 autem
488 3173 538 3232 dat
557 3173 690 3247 gratiam.
734 3174 776 3232 Iu
798 3173 964 3248 epistula
985 3173 1110 3232 iacobi
1133 3189 1209 3248 oap.
1231 3171 1321 3232 XIH:

194 3261 367 3336 Adpropiate
400 3259 511 3319 domiuo
544 3261 574 3317 et
604 3259 843 3334 adpropinquabit
874 3259 966 3318 uobis.
1010 3258 1097 3318 Item
1132 3275 1208 3335 oap.
1238 3257 1321 3319 xm:

194 3345 390 3406 Humiliamiui
415 3345 446 3404 iu
467 3347 618 3420 conspeetu
641 3344 745 3403 domiui
766 3347 795 3403 et
817 3344 953 3404 exaltabit
973 3344 1065 3404 uobis.

299 3477 489 3548 umam
583 3475 758 3543 emma
853 3475 1097 3540 mmmm
1187 3474 1323 3532 amm

198 3567 258 3632 aa
361 3563 541 3629 mmar
643 3562 841 3631 umam

250 3689 264 3742 1
287 3688 375 3743 uerba
395 3686 508 3740 ltem-
521 3684 590 3751 Quia
611 3701 646 3739 m
659 3683 900 3737 --eousolatus
924 3684 966 3736 eet
988 3697 1038 3736 om.
1062 3682 1100 3736 M
1199 3681 1268 3735 isaia
1289 3679 1324 3742 L,

198 3792 238 3847 ys
256 3775 305 3832 Vc
320 3772 418 3844 (proph.
435 3774 497 3840 oar.)
599 3770 616 3824 2
633 3768 812 3826 consolabitur
829 3768 916 3836 ΠΟ,
942 3767 1124 3837 παρεκάλεσεν
1226 3763 1324 3835 ebho]

197 3863 226 3916 iu
244 3861 316 3916 esaia
328 3860 372 3928 (is-
387 3859 446 3924 Vr,
457 3874 499 3929 ys·
511 3857 544 3926 U)
555 3857 668 3914 MVLO
750 3855 768 3909 4
784 3854 873 3910 uerbo
883 3852 993 3908 Item-
1004 3853 1163 3923 Quicumque
1173 3881 1206 3894 ·-
1215 3881 1250 3894 -
1263 3851 1324 3920 (lia.

198 3968 247 4035 12)
267 3962 397 4019 exultabit
411 3975 460 4015 uos
483 3976 533 4015 om.
555 3960 582 4016 V
679 3959 696 4012 5
719 3945 824 4027 auum}
841 3945 884 4012 see
901 3956 1049 4011 mattheum
1073 3955 1096 4012 S
1197 3955 1218 4009 ¹6
1238 3950 1326 4010 uerba

200 4055 228 4105 et
251 4049 297 4120 qui
318 4065 339 4104 s.
363 4047 441 4104 exalt
462 4045 645 4102 humiliabitur
667 4061 717 4100 osa.
742 4044 833 4101 Mac
932 4043 998 4097 item
1019 4044 1108 4112 petrus
1130 4043 1159 4096 iu
1185 4037 1327 4111 epistolsl

200 4139 295 4208 (primu
310 4135 378 4201 ΜΟ)
394 4133 485 4190 Μῑιθ
578 4131 755 4186 humilitatem
771 4133 801 4184 et
818 4129 931 4200 quietem
953 4129 977 4184 0
1074 4128 1093 4183 8
1111 4127 1205 4182 anima
1223 4120 1261 4180 Μ

200 4225 216 4278 9
235 4221 369 4293 apostolus
385 4237 437 4276 om.
455 4219 542 4274 MLO
627 4218 660 4272 10
676 4218 764 4273 aerbo
776 4217 931 4271 etresistite
950 4214 974 4271 d.
994 4231 1017 4269 e.
1036 4231 1052 4270 u
1068 4231 1093 4270 u.
1111 4232 1136 4285 p.
1155 4213 1204 4269 deo
1223 4229 1274 4268 eoa
1292 4208 1330 4266 M

201 4309 256 4365 Lo
354 4306 441 4378 lugiet
458 4303 562 4360 odorus·
664 4302 958 4373 11proximauitsb1‚
985 4299 1037 4357 -bit
1054 4301 1109 4357 Lo
1209 4297 1271 4369 illio]
1290 4299 1327 4353 ia·

201 4393 283 4448 robus
299 4393 388 4449 MLO
488 4391 521 4445 12
539 4389 666 4445 exultauit
684 4390 721 4443 M
821 4387 897 4442 uobis
915 4389 942 4444 L

253 4496 312 4564 ΧΠ,
330 4498 398 4567 Aug.
416 4496 442 4562 3,
462 4509 481 4546 1.
1192 4489 1226 4544 30
