<?xml version="1.0" encoding="UTF-8"?>
<!DOCTYPE html PUBLIC "-//W3C//DTD XHTML 1.0 Transitional//EN"
    "http://www.w3.org/TR/xhtml1/DTD/xhtml1-transitional.dtd">
<html xmlns="http://www.w3.org/1999/xhtml" xml:lang="en" lang="en">
 <head>
  <title>
</title>
<meta http-equiv="Content-Type" content="text/html;charset=utf-8" />
  <meta name='ocr-system' content='tesseract 3.04.00' />
  <meta name='ocr-capabilities' content='ocr_page ocr_carea ocr_par ocr_line ocrx_word'/>
</head>
<body>
  <div class='ocr_page' id='page_1' title='image "./corpusscriptoru19wissgoog_0070.png"; bbox 0 0 3159 4967; ppageno 0'>
   <div class='ocr_carea' id='block_1_1' title="bbox 268 451 1018 525">
    <p class='ocr_par' dir='ltr' id='par_1_1' title="bbox 268 451 1018 525">
     <span class='ocr_line' id='line_1_1' title="bbox 268 451 1018 525; baseline -0.015 -9"><span class='ocrx_word' id='word_1_1' title='bbox 268 458 310 525; x_wconf 90' lang='lat'><strong>10</strong></span> <span class='ocrx_word' id='word_1_2' title='bbox 655 454 681 510; x_wconf 82' lang='lat' dir='ltr'><strong>S.</strong></span> <span class='ocrx_word' id='word_1_3' title='bbox 699 452 817 508; x_wconf 79' lang='lat' dir='ltr'><strong>Aureli</strong></span> <span class='ocrx_word' id='word_1_4' title='bbox 833 451 1018 521; x_wconf 75' lang='lat' dir='ltr'><strong>Augustini</strong></span> 
     </span>
    </p>
   </div>
   <div class='ocr_carea' id='block_1_2' title="bbox 266 638 1403 1034">
    <p class='ocr_par' dir='ltr' id='par_1_2' title="bbox 266 638 1403 1034">
     <span class='ocr_line' id='line_1_2' title="bbox 267 638 1402 729; baseline -0.008 -18"><span class='ocrx_word' id='word_1_5' title='bbox 267 665 288 711; x_wconf 88' lang='lat' dir='ltr'><strong>a</strong></span> <span class='ocrx_word' id='word_1_6' title='bbox 313 645 455 729; x_wconf 84' lang='lat' dir='ltr'><strong>proxim0</strong></span> <span class='ocrx_word' id='word_1_7' title='bbox 488 644 543 709; x_wconf 88' lang='lat' dir='ltr'><strong>tuo</strong></span> <span class='ocrx_word' id='word_1_8' title='bbox 577 643 737 725; x_wconf 86' lang='lat' dir='ltr'><strong>acceperis</strong></span> <span class='ocrx_word' id='word_1_9' title='bbox 769 640 1012 719; x_wconf 73' lang='lat' dir='ltr'><strong>umtimeutum,</strong></span> <span class='ocrx_word' id='word_1_10' title='bbox 1047 639 1119 704; x_wconf 89' lang='lat' dir='ltr'><strong>aute</strong></span> <span class='ocrx_word' id='word_1_11' title='bbox 1149 638 1225 705; x_wconf 87' lang='lat' dir='ltr'><strong>solis</strong></span> <span class='ocrx_word' id='word_1_12' title='bbox 1252 654 1402 704; x_wconf 90' lang='lat' dir='ltr'><strong>occasum</strong></span> 
     </span>
     <span class='ocr_line' id='line_1_3' title="bbox 266 740 1403 829; baseline -0.006 -17"><span class='ocrx_word' id='word_1_13' title='bbox 266 746 366 813; x_wconf 87' lang='lat' dir='ltr'><strong>redde</strong></span> <span class='ocrx_word' id='word_1_14' title='bbox 396 746 442 811; x_wconf 89' lang='lat' dir='ltr'><strong>ei:</strong></span> <span class='ocrx_word' id='word_1_15' title='bbox 475 746 578 829; x_wconf 91' lang='lat' dir='ltr'><strong>ipsum</strong></span> <span class='ocrx_word' id='word_1_16' title='bbox 608 744 691 811; x_wconf 93' lang='lat' dir='ltr'><strong>euim</strong></span> <span class='ocrx_word' id='word_1_17' title='bbox 720 744 770 809; x_wconf 89' lang='lat' dir='ltr'><strong>est</strong></span> <span class='ocrx_word' id='word_1_18' title='bbox 797 743 900 809; x_wconf 91' lang='lat' dir='ltr'><strong>solum</strong></span> <span class='ocrx_word' id='word_1_19' title='bbox 928 758 990 826; x_wconf 89' lang='lat' dir='ltr'><strong>quo</strong></span> <span class='ocrx_word' id='word_1_20' title='bbox 1018 742 1157 826; x_wconf 84' lang='lat' dir='ltr'><strong>operitur</strong></span> <span class='ocrx_word' id='word_1_21' title='bbox 1183 740 1403 807; x_wconf 89' lang='lat' dir='ltr'><strong>indumentum</strong></span> 
     </span>
     <span class='ocr_line' id='line_1_4' title="bbox 268 843 1402 930; baseline -0.007 -15"><span class='ocrx_word' id='word_1_22' title='bbox 268 849 372 915; x_wconf 86' lang='lat' dir='ltr'><strong>carnis</strong></span> <span class='ocrx_word' id='word_1_23' title='bbox 395 848 472 927; x_wconf 90' lang='lat' dir='ltr'><strong>eius,</strong></span> <span class='ocrx_word' id='word_1_24' title='bbox 495 868 552 915; x_wconf 92' lang='lat' dir='ltr'><strong>uec</strong></span> <span class='ocrx_word' id='word_1_25' title='bbox 575 847 671 914; x_wconf 86' lang='lat' dir='ltr'><strong>habet</strong></span> <span class='ocrx_word' id='word_1_26' title='bbox 694 846 781 911; x_wconf 81' lang='lat' dir='ltr'><strong>abad</strong></span> <span class='ocrx_word' id='word_1_27' title='bbox 803 846 835 911; x_wconf 93' lang='lat' dir='ltr'><strong>iu</strong></span> <span class='ocrx_word' id='word_1_28' title='bbox 858 864 919 930; x_wconf 91' lang='lat' dir='ltr'><strong>quo</strong></span> <span class='ocrx_word' id='word_1_29' title='bbox 941 844 1092 910; x_wconf 75' lang='lat' dir='ltr'><strong>dormiat:</strong></span> <span class='ocrx_word' id='word_1_30' title='bbox 1115 844 1346 911; x_wconf 80' lang='lat' dir='ltr'><strong>siolamauorit</strong></span> <span class='ocrx_word' id='word_1_31' title='bbox 1360 843 1402 908; x_wconf 94' lang='lat' dir='ltr'><strong>ad</strong></span> 
     </span>
     <span class='ocr_line' id='line_1_5' title="bbox 268 944 1402 1034; baseline -0.005 -15"><span class='ocrx_word' id='word_1_32' title='bbox 268 972 329 1032; x_wconf 86' lang='lat' dir='ltr'><strong>me,</strong></span> <span class='ocrx_word' id='word_1_33' title='bbox 350 951 517 1019; x_wconf 81' lang='lat' dir='ltr'><strong>exaudiam</strong></span> <span class='ocrx_word' id='word_1_34' title='bbox 541 944 623 1029; x_wconf 89' lang='lat' dir='ltr'><strong>eum,</strong></span> <span class='ocrx_word' id='word_1_35' title='bbox 647 950 721 1034; x_wconf 87' lang='lat' dir='ltr'><strong>quia</strong></span> <span class='ocrx_word' id='word_1_36' title='bbox 742 950 922 1016; x_wconf 77' lang='lat' dir='ltr'><strong>misericors</strong></span> <span class='ocrx_word' id='word_1_37' title='bbox 944 968 1024 1014; x_wconf 89' lang='lat' dir='ltr'><strong>sum.</strong></span> <span class='ocrx_word' id='word_1_38' title='bbox 1070 949 1132 1013; x_wconf 90' lang='lat' dir='ltr'><strong>diis</strong></span> <span class='ocrx_word' id='word_1_39' title='bbox 1159 967 1220 1014; x_wconf 94' lang='lat' dir='ltr'><strong>uon</strong></span> <span class='ocrx_word' id='word_1_40' title='bbox 1243 949 1402 1025; x_wconf 73' lang='lat' dir='ltr'><strong>detrahes,</strong></span> 
     </span>
    </p>
   </div>
   <div class='ocr_carea' id='block_1_3' title="bbox 268 1050 1448 3404">
    <p class='ocr_par' dir='ltr' id='par_1_3' title="bbox 268 1050 1448 3404">
     <span class='ocr_line' id='line_1_6' title="bbox 270 1050 1445 1140; baseline -0.003 -19"><span class='ocrx_word' id='word_1_41' title='bbox 270 1058 302 1121; x_wconf 87' lang='lat' dir='ltr'><strong>et</strong></span> <span class='ocrx_word' id='word_1_42' title='bbox 322 1054 455 1139; x_wconf 78' lang='lat' dir='ltr'><strong>principi</strong></span> <span class='ocrx_word' id='word_1_43' title='bbox 476 1054 583 1140; x_wconf 89' lang='lat' dir='ltr'><strong>populi</strong></span> <span class='ocrx_word' id='word_1_44' title='bbox 597 1054 645 1119; x_wconf 92' lang='lat' dir='ltr'><strong>tui</strong></span> <span class='ocrx_word' id='word_1_45' title='bbox 659 1072 720 1119; x_wconf 92' lang='lat' dir='ltr'><strong>uon</strong></span> <span class='ocrx_word' id='word_1_46' title='bbox 735 1051 918 1119; x_wconf 87' lang='lat' dir='ltr'><strong>maledices.</strong></span> <span class='ocrx_word' id='word_1_47' title='bbox 957 1052 1098 1117; x_wconf 87' lang='lat' dir='ltr'><strong>decimas</strong></span> <span class='ocrx_word' id='word_1_48' title='bbox 1110 1052 1184 1117; x_wconf 89' lang='lat' dir='ltr'><strong>tuas</strong></span> <span class='ocrx_word' id='word_1_49' title='bbox 1200 1050 1402 1134; x_wconf 82' lang='lat' dir='ltr'><strong>etprimitias</strong></span> <span class='ocrx_word' id='word_1_50' title='bbox 1426 1074 1445 1117; x_wconf 81' lang='lat' dir='ltr'><strong>s</strong></span> 
     </span>
     <span class='ocr_line' id='line_1_7' title="bbox 269 1152 1400 1239; baseline -0.005 -15"><span class='ocrx_word' id='word_1_51' title='bbox 269 1176 330 1224; x_wconf 91' lang='lat' dir='ltr'><strong>uon</strong></span> <span class='ocrx_word' id='word_1_52' title='bbox 345 1158 488 1223; x_wconf 84' lang='lat' dir='ltr'><strong>tardabis</strong></span> <span class='ocrx_word' id='word_1_53' title='bbox 504 1156 623 1222; x_wconf 83' lang='lat' dir='ltr'><strong>offerro.</strong></span> <span class='ocrx_word' id='word_1_54' title='bbox 646 1156 892 1239; x_wconf 83' lang='lat' dir='ltr'><strong>primogenitum</strong></span> <span class='ocrx_word' id='word_1_55' title='bbox 906 1154 1047 1220; x_wconf 85' lang='lat' dir='ltr'><strong>filiorum</strong></span> <span class='ocrx_word' id='word_1_56' title='bbox 1057 1156 1186 1220; x_wconf 86' lang='lat' dir='ltr'><strong>tuorum</strong></span> <span class='ocrx_word' id='word_1_57' title='bbox 1208 1153 1299 1219; x_wconf 90' lang='lat' dir='ltr'><strong>dabis</strong></span> <span class='ocrx_word' id='word_1_58' title='bbox 1312 1152 1400 1219; x_wconf 90' lang='lat' dir='ltr'><strong>mibi.</strong></span> 
     </span>
     <span class='ocr_line' id='line_1_8' title="bbox 269 1257 1403 1345; baseline -0.004 -18"><span class='ocrx_word' id='word_1_59' title='bbox 269 1262 316 1327; x_wconf 78' lang='lat' dir='ltr'><strong>ut</strong></span> <span class='ocrx_word' id='word_1_60' title='bbox 343 1259 588 1345; x_wconf 86' lang='lat' dir='ltr'><strong>paulopost:</strong></span> <span class='ocrx_word' id='word_1_61' title='bbox 615 1258 685 1325; x_wconf 87' lang='lat' dir='ltr'><strong>Nou</strong></span> <span class='ocrx_word' id='word_1_62' title='bbox 709 1259 862 1343; x_wconf 86' lang='lat' dir='ltr'><strong>suscipies</strong></span> <span class='ocrx_word' id='word_1_63' title='bbox 883 1276 996 1325; x_wconf 87' lang='lat' dir='ltr'><strong>uocem</strong></span> <span class='ocrx_word' id='word_1_64' title='bbox 1017 1257 1186 1337; x_wconf 79' lang='lat' dir='ltr'><strong>mandacii,</strong></span> <span class='ocrx_word' id='word_1_65' title='bbox 1209 1276 1267 1323; x_wconf 89' lang='lat' dir='ltr'><strong>uec</strong></span> <span class='ocrx_word' id='word_1_66' title='bbox 1290 1258 1403 1341; x_wconf 81' lang='lat' dir='ltr'><strong>iunges</strong></span> 
     </span>
     <span class='ocr_line' id='line_1_9' title="bbox 270 1360 1402 1445; baseline -0.004 -17"><span class='ocrx_word' id='word_1_67' title='bbox 270 1382 400 1429; x_wconf 91' lang='lat' dir='ltr'><strong>manum</strong></span> <span class='ocrx_word' id='word_1_68' title='bbox 420 1364 521 1442; x_wconf 87' lang='lat' dir='ltr'><strong>tuam,</strong></span> <span class='ocrx_word' id='word_1_69' title='bbox 552 1364 588 1427; x_wconf 85' lang='lat' dir='ltr'><strong>ut</strong></span> <span class='ocrx_word' id='word_1_70' title='bbox 614 1380 670 1445; x_wconf 91' lang='lat' dir='ltr'><strong>pro</strong></span> <span class='ocrx_word' id='word_1_71' title='bbox 697 1362 794 1445; x_wconf 90' lang='lat' dir='ltr'><strong>impio</strong></span> <span class='ocrx_word' id='word_1_72' title='bbox 824 1362 911 1427; x_wconf 86' lang='lat' dir='ltr'><strong>dicas</strong></span> <span class='ocrx_word' id='word_1_73' title='bbox 933 1360 1049 1429; x_wconf 75' lang='lat' dir='ltr'><strong>samm</strong></span> <span class='ocrx_word' id='word_1_74' title='bbox 1068 1360 1296 1427; x_wconf 86' lang='lat' dir='ltr'><strong>testimouium.</strong></span> <span class='ocrx_word' id='word_1_75' title='bbox 1340 1377 1402 1424; x_wconf 91' lang='lat' dir='ltr'><strong>nou</strong></span> 
     </span>
     <span class='ocr_line' id='line_1_10' title="bbox 271 1462 1402 1549; baseline -0.003 -18"><span class='ocrx_word' id='word_1_76' title='bbox 271 1468 413 1549; x_wconf 88' lang='lat' dir='ltr'><strong>sequeris</strong></span> <span class='ocrx_word' id='word_1_77' title='bbox 433 1467 560 1532; x_wconf 86' lang='lat' dir='ltr'><strong>turbam</strong></span> <span class='ocrx_word' id='word_1_78' title='bbox 584 1466 624 1531; x_wconf 90' lang='lat' dir='ltr'><strong>ad</strong></span> <span class='ocrx_word' id='word_1_79' title='bbox 646 1464 827 1531; x_wconf 86' lang='lat' dir='ltr'><strong>faciendum</strong></span> <span class='ocrx_word' id='word_1_80' title='bbox 855 1465 985 1545; x_wconf 89' lang='lat' dir='ltr'><strong>malum,</strong></span> <span class='ocrx_word' id='word_1_81' title='bbox 1014 1484 1072 1531; x_wconf 88' lang='lat' dir='ltr'><strong>uec</strong></span> <span class='ocrx_word' id='word_1_82' title='bbox 1100 1466 1133 1530; x_wconf 93' lang='lat' dir='ltr'><strong>iu</strong></span> <span class='ocrx_word' id='word_1_83' title='bbox 1160 1463 1279 1530; x_wconf 87' lang='lat' dir='ltr'><strong>iudicio</strong></span> <span class='ocrx_word' id='word_1_84' title='bbox 1300 1462 1402 1546; x_wconf 87' lang='lat' dir='ltr'><strong>pluri·</strong></span> 
     </span>
     <span class='ocr_line' id='line_1_11' title="bbox 269 1566 1447 1653; baseline -0.006 -19"><span class='ocrx_word' id='word_1_85' title='bbox 269 1588 393 1636; x_wconf 91' lang='lat' dir='ltr'><strong>morum</strong></span> <span class='ocrx_word' id='word_1_86' title='bbox 418 1570 606 1653; x_wconf 78' lang='lat' dir='ltr'><strong>adquiescas</strong></span> <span class='ocrx_word' id='word_1_87' title='bbox 621 1569 807 1648; x_wconf 88' lang='lat' dir='ltr'><strong>sententiae,</strong></span> <span class='ocrx_word' id='word_1_88' title='bbox 830 1568 868 1634; x_wconf 89' lang='lat' dir='ltr'><strong>ut</strong></span> <span class='ocrx_word' id='word_1_89' title='bbox 883 1587 901 1634; x_wconf 90' lang='lat' dir='ltr'><strong>a</strong></span> <span class='ocrx_word' id='word_1_90' title='bbox 915 1586 991 1635; x_wconf 88' lang='lat' dir='ltr'><strong>uero</strong></span> <span class='ocrx_word' id='word_1_91' title='bbox 1007 1568 1125 1634; x_wconf 85' lang='lat' dir='ltr'><strong>deuios</strong></span> <span class='ocrx_word' id='word_1_92' title='bbox 1155 1566 1304 1653; x_wconf 90' lang='lat' dir='ltr'><strong>pauperis</strong></span> <span class='ocrx_word' id='word_1_93' title='bbox 1320 1583 1402 1648; x_wconf 81' lang='lat' dir='ltr'><strong>quo·</strong></span> <span class='ocrx_word' id='word_1_94' title='bbox 1415 1584 1447 1627; x_wconf 80' lang='lat' dir='ltr'><strong>a</strong></span> 
     </span>
     <span class='ocr_line' id='line_1_12' title="bbox 271 1668 1404 1755; baseline -0.004 -18"><span class='ocrx_word' id='word_1_95' title='bbox 271 1692 333 1755; x_wconf 89' lang='lat' dir='ltr'><strong>que</strong></span> <span class='ocrx_word' id='word_1_96' title='bbox 361 1691 422 1739; x_wconf 92' lang='lat' dir='ltr'><strong>nou</strong></span> <span class='ocrx_word' id='word_1_97' title='bbox 449 1672 650 1738; x_wconf 89' lang='lat' dir='ltr'><strong>misereberis</strong></span> <span class='ocrx_word' id='word_1_98' title='bbox 679 1673 712 1738; x_wconf 92' lang='lat' dir='ltr'><strong>in</strong></span> <span class='ocrx_word' id='word_1_99' title='bbox 740 1672 876 1755; x_wconf 82' lang='lat' dir='ltr'><strong>negotio.</strong></span> <span class='ocrx_word' id='word_1_100' title='bbox 922 1674 950 1739; x_wconf 91' lang='lat' dir='ltr'><strong>si</strong></span> <span class='ocrx_word' id='word_1_101' title='bbox 977 1672 1153 1739; x_wconf 87' lang='lat' dir='ltr'><strong>occurreris</strong></span> <span class='ocrx_word' id='word_1_102' title='bbox 1181 1670 1256 1738; x_wconf 92' lang='lat' dir='ltr'><strong>boui</strong></span> <span class='ocrx_word' id='word_1_103' title='bbox 1283 1668 1404 1734; x_wconf 88' lang='lat' dir='ltr'><strong>inimici</strong></span> 
     </span>
     <span class='ocr_line' id='line_1_13' title="bbox 268 1772 1403 1852; baseline 0.001 -14"><span class='ocrx_word' id='word_1_104' title='bbox 268 1775 317 1839; x_wconf 90' lang='lat' dir='ltr'><strong>tui</strong></span> <span class='ocrx_word' id='word_1_105' title='bbox 340 1776 395 1840; x_wconf 91' lang='lat' dir='ltr'><strong>aut</strong></span> <span class='ocrx_word' id='word_1_106' title='bbox 419 1775 507 1841; x_wconf 87' lang='lat' dir='ltr'><strong>asino</strong></span> <span class='ocrx_word' id='word_1_107' title='bbox 530 1773 656 1852; x_wconf 83' lang='lat' dir='ltr'><strong>emanti,</strong></span> <span class='ocrx_word' id='word_1_108' title='bbox 678 1772 776 1839; x_wconf 86' lang='lat' dir='ltr'><strong>reduc</strong></span> <span class='ocrx_word' id='word_1_109' title='bbox 801 1774 842 1839; x_wconf 87' lang='lat' dir='ltr'><strong>ad</strong></span> <span class='ocrx_word' id='word_1_110' title='bbox 864 1793 946 1840; x_wconf 90' lang='lat' dir='ltr'><strong>eum.</strong></span> <span class='ocrx_word' id='word_1_111' title='bbox 991 1775 1019 1840; x_wconf 92' lang='lat' dir='ltr'><strong>si</strong></span> <span class='ocrx_word' id='word_1_112' title='bbox 1040 1774 1159 1841; x_wconf 88' lang='lat' dir='ltr'><strong>uideris</strong></span> <span class='ocrx_word' id='word_1_113' title='bbox 1182 1774 1306 1841; x_wconf 86' lang='lat' dir='ltr'><strong>asinum</strong></span> <span class='ocrx_word' id='word_1_114' title='bbox 1331 1774 1403 1840; x_wconf 90' lang='lat' dir='ltr'><strong>odi-</strong></span> 
     </span>
     <span class='ocr_line' id='line_1_14' title="bbox 270 1876 1403 1962; baseline 0.001 -20"><span class='ocrx_word' id='word_1_115' title='bbox 270 1878 351 1942; x_wconf 84' lang='lat' dir='ltr'><strong>entis</strong></span> <span class='ocrx_word' id='word_1_116' title='bbox 372 1876 406 1942; x_wconf 86' lang='lat' dir='ltr'><strong>to</strong></span> <span class='ocrx_word' id='word_1_117' title='bbox 419 1878 524 1943; x_wconf 86' lang='lat' dir='ltr'><strong>iacere</strong></span> <span class='ocrx_word' id='word_1_118' title='bbox 539 1876 598 1943; x_wconf 91' lang='lat' dir='ltr'><strong>sub</strong></span> <span class='ocrx_word' id='word_1_119' title='bbox 614 1894 717 1955; x_wconf 88' lang='lat' dir='ltr'><strong>onere,</strong></span> <span class='ocrx_word' id='word_1_120' title='bbox 740 1896 801 1943; x_wconf 89' lang='lat' dir='ltr'><strong>nou</strong></span> <span class='ocrx_word' id='word_1_121' title='bbox 816 1878 1031 1962; x_wconf 80' lang='lat' dir='ltr'><strong>pertransibis,</strong></span> <span class='ocrx_word' id='word_1_122' title='bbox 1054 1878 1111 1944; x_wconf 88' lang='lat' dir='ltr'><strong>sed</strong></span> <span class='ocrx_word' id='word_1_123' title='bbox 1133 1877 1316 1944; x_wconf 85' lang='lat' dir='ltr'><strong>subleuabis</strong></span> <span class='ocrx_word' id='word_1_124' title='bbox 1329 1896 1403 1943; x_wconf 84' lang='lat' dir='ltr'><strong>cum</strong></span> 
     </span>
     <span class='ocr_line' id='line_1_15' title="bbox 271 1979 1403 2065; baseline 0 -20"><span class='ocrx_word' id='word_1_125' title='bbox 271 1999 318 2045; x_wconf 91' lang='lat' dir='ltr'><strong>eo.</strong></span> <span class='ocrx_word' id='word_1_126' title='bbox 363 2000 424 2047; x_wconf 91' lang='lat' dir='ltr'><strong>nou</strong></span> <span class='ocrx_word' id='word_1_127' title='bbox 455 1979 629 2047; x_wconf 88' lang='lat' dir='ltr'><strong>declinabis</strong></span> <span class='ocrx_word' id='word_1_128' title='bbox 656 1980 689 2046; x_wconf 91' lang='lat' dir='ltr'><strong>in</strong></span> <span class='ocrx_word' id='word_1_129' title='bbox 716 1980 835 2047; x_wconf 92' lang='lat' dir='ltr'><strong>iudicio</strong></span> <span class='ocrx_word' id='word_1_130' title='bbox 864 1982 1022 2065; x_wconf 89' lang='lat' dir='ltr'><strong>pauperis.</strong></span> <span class='ocrx_word' id='word_1_131' title='bbox 1067 1981 1268 2047; x_wconf 90' lang='lat' dir='ltr'><strong>mandacium</strong></span> <span class='ocrx_word' id='word_1_132' title='bbox 1289 1980 1403 2064; x_wconf 76' lang='lat' dir='ltr'><strong>rugios.</strong></span> 
     </span>
     <span class='ocr_line' id='line_1_16' title="bbox 270 2084 1448 2169; baseline 0 -20"><span class='ocrx_word' id='word_1_133' title='bbox 270 2085 428 2151; x_wconf 86' lang='lat' dir='ltr'><strong>insontem</strong></span> <span class='ocrx_word' id='word_1_134' title='bbox 451 2084 484 2149; x_wconf 86' lang='lat' dir='ltr'><strong>et</strong></span> <span class='ocrx_word' id='word_1_135' title='bbox 504 2084 624 2150; x_wconf 90' lang='lat' dir='ltr'><strong>iustum</strong></span> <span class='ocrx_word' id='word_1_136' title='bbox 652 2102 713 2149; x_wconf 92' lang='lat' dir='ltr'><strong>uou</strong></span> <span class='ocrx_word' id='word_1_137' title='bbox 743 2084 886 2167; x_wconf 88' lang='lat' dir='ltr'><strong>occides:</strong></span> <span class='ocrx_word' id='word_1_138' title='bbox 921 2084 996 2168; x_wconf 90' lang='lat' dir='ltr'><strong>quia</strong></span> <span class='ocrx_word' id='word_1_139' title='bbox 1024 2104 1151 2151; x_wconf 80' lang='lat' dir='ltr'><strong>auersos</strong></span> <span class='ocrx_word' id='word_1_140' title='bbox 1177 2086 1319 2169; x_wconf 91' lang='lat' dir='ltr'><strong>impium.</strong></span> <span class='ocrx_word' id='word_1_141' title='bbox 1362 2096 1448 2149; x_wconf 65' lang='lat' dir='ltr'><strong>neu</strong></span> 
     </span>
     <span class='ocr_line' id='line_1_17' title="bbox 274 2186 1406 2272; baseline -0.003 -19"><span class='ocrx_word' id='word_1_142' title='bbox 274 2188 414 2270; x_wconf 87' lang='lat' dir='ltr'><strong>accipias</strong></span> <span class='ocrx_word' id='word_1_143' title='bbox 425 2205 566 2265; x_wconf 86' lang='lat' dir='ltr'><strong>munera,</strong></span> <span class='ocrx_word' id='word_1_144' title='bbox 583 2204 664 2269; x_wconf 87' lang='lat' dir='ltr'><strong>quae</strong></span> <span class='ocrx_word' id='word_1_145' title='bbox 681 2186 853 2251; x_wconf 81' lang='lat' dir='ltr'><strong>excaecant</strong></span> <span class='ocrx_word' id='word_1_146' title='bbox 868 2187 965 2252; x_wconf 88' lang='lat' dir='ltr'><strong>etiam</strong></span> <span class='ocrx_word' id='word_1_147' title='bbox 979 2188 1150 2272; x_wconf 88' lang='lat' dir='ltr'><strong>pmdentes</strong></span> <span class='ocrx_word' id='word_1_148' title='bbox 1170 2189 1202 2253; x_wconf 90' lang='lat' dir='ltr'><strong>et</strong></span> <span class='ocrx_word' id='word_1_149' title='bbox 1216 2188 1406 2254; x_wconf 87' lang='lat' dir='ltr'><strong>subuertunt</strong></span> 
     </span>
     <span class='ocr_line' id='line_1_18' title="bbox 270 2289 1402 2373; baseline 0 -18"><span class='ocrx_word' id='word_1_150' title='bbox 270 2291 370 2356; x_wconf 89' lang='lat' dir='ltr'><strong>uerba</strong></span> <span class='ocrx_word' id='word_1_151' title='bbox 389 2290 554 2356; x_wconf 88' lang='lat' dir='ltr'><strong>iustorum.</strong></span> <span class='ocrx_word' id='word_1_152' title='bbox 599 2290 763 2373; x_wconf 83' lang='lat' dir='ltr'><strong>peregrino</strong></span> <span class='ocrx_word' id='word_1_153' title='bbox 785 2291 938 2357; x_wconf 87' lang='lat' dir='ltr'><strong>molestus</strong></span> <span class='ocrx_word' id='word_1_154' title='bbox 953 2309 1015 2356; x_wconf 91' lang='lat' dir='ltr'><strong>non</strong></span> <span class='ocrx_word' id='word_1_155' title='bbox 1038 2292 1115 2357; x_wconf 86' lang='lat' dir='ltr'><strong>eris:</strong></span> <span class='ocrx_word' id='word_1_156' title='bbox 1139 2292 1229 2357; x_wconf 83' lang='lat' dir='ltr'><strong>scitis</strong></span> <span class='ocrx_word' id='word_1_157' title='bbox 1244 2289 1327 2357; x_wconf 90' lang='lat' dir='ltr'><strong>euim</strong></span> <span class='ocrx_word' id='word_1_158' title='bbox 1342 2290 1402 2355; x_wconf 90' lang='lat' dir='ltr'><strong>ad-</strong></span> 
     </span>
     <span class='ocr_line' id='line_1_19' title="bbox 270 2393 1403 2479; baseline -0.002 -20"><span class='ocrx_word' id='word_1_159' title='bbox 270 2412 423 2459; x_wconf 88' lang='lat' dir='ltr'><strong>uenarum</strong></span> <span class='ocrx_word' id='word_1_160' title='bbox 447 2393 578 2472; x_wconf 80' lang='lat' dir='ltr'><strong>animae,</strong></span> <span class='ocrx_word' id='word_1_161' title='bbox 602 2393 677 2475; x_wconf 89' lang='lat' dir='ltr'><strong>quia</strong></span> <span class='ocrx_word' id='word_1_162' title='bbox 699 2394 733 2457; x_wconf 89' lang='lat' dir='ltr'><strong>et</strong></span> <span class='ocrx_word' id='word_1_163' title='bbox 746 2393 807 2477; x_wconf 91' lang='lat' dir='ltr'><strong>ipsi</strong></span> <span class='ocrx_word' id='word_1_164' title='bbox 820 2394 978 2478; x_wconf 82' lang='lat' dir='ltr'><strong>peregrini</strong></span> <span class='ocrx_word' id='word_1_165' title='bbox 992 2393 1097 2461; x_wconf 80' lang='lat' dir='ltr'><strong>fuistis</strong></span> <span class='ocrx_word' id='word_1_166' title='bbox 1110 2396 1143 2459; x_wconf 93' lang='lat' dir='ltr'><strong>in</strong></span> <span class='ocrx_word' id='word_1_167' title='bbox 1156 2396 1245 2459; x_wconf 87' lang='lat' dir='ltr'><strong>terra</strong></span> <span class='ocrx_word' id='word_1_168' title='bbox 1258 2393 1403 2479; x_wconf 79' lang='lat' dir='ltr'><strong>Aegypti</strong></span> 
     </span>
     <span class='ocr_line' id='line_1_20' title="bbox 271 2496 1404 2582; baseline 0 -19"><span class='ocrx_word' id='word_1_169' title='bbox 271 2496 318 2563; x_wconf 81' lang='lat' dir='ltr'><strong>Et</strong></span> <span class='ocrx_word' id='word_1_170' title='bbox 338 2498 431 2581; x_wconf 90' lang='lat' dir='ltr'><strong>post</strong></span> <span class='ocrx_word' id='word_1_171' title='bbox 453 2496 645 2579; x_wconf 87' lang='lat' dir='ltr'><strong>quaedam</strong></span> <span class='ocrx_word' id='word_1_172' title='bbox 672 2497 932 2581; x_wconf 87' lang='lat' dir='ltr'><strong>interposita,</strong></span> <span class='ocrx_word' id='word_1_173' title='bbox 968 2518 1054 2563; x_wconf 90' lang='lat' dir='ltr'><strong>cum</strong></span> <span class='ocrx_word' id='word_1_174' title='bbox 1084 2498 1129 2563; x_wconf 92' lang='lat' dir='ltr'><strong>de</strong></span> <span class='ocrx_word' id='word_1_175' title='bbox 1159 2498 1404 2582; x_wconf 78' lang='lat' dir='ltr'><strong>alienigenis</strong></span> 
     </span>
     <span class='ocr_line' id='line_1_21' title="bbox 270 2598 1447 2685; baseline 0.003 -21"><span class='ocrx_word' id='word_1_176' title='bbox 270 2599 520 2685; x_wconf 87' lang='lat' dir='ltr'><strong>loqueretur:</strong></span> <span class='ocrx_word' id='word_1_177' title='bbox 543 2600 613 2665; x_wconf 88' lang='lat' dir='ltr'><strong>Nou</strong></span> <span class='ocrx_word' id='word_1_178' title='bbox 630 2598 776 2667; x_wconf 88' lang='lat' dir='ltr'><strong>adorabis</strong></span> <span class='ocrx_word' id='word_1_179' title='bbox 793 2602 869 2667; x_wconf 90' lang='lat' dir='ltr'><strong>deos</strong></span> <span class='ocrx_word' id='word_1_180' title='bbox 886 2620 1004 2680; x_wconf 88' lang='lat' dir='ltr'><strong>corum,</strong></span> <span class='ocrx_word' id='word_1_181' title='bbox 1027 2620 1128 2685; x_wconf 90' lang='lat' dir='ltr'><strong>neque</strong></span> <span class='ocrx_word' id='word_1_182' title='bbox 1147 2602 1234 2667; x_wconf 90' lang='lat' dir='ltr'><strong>coles</strong></span> <span class='ocrx_word' id='word_1_183' title='bbox 1249 2619 1312 2667; x_wconf 91' lang='lat' dir='ltr'><strong>eos.</strong></span> <span class='ocrx_word' id='word_1_184' title='bbox 1342 2618 1403 2678; x_wconf 88' lang='lat' dir='ltr'><strong>nou</strong></span> <span class='ocrx_word' id='word_1_185' title='bbox 1416 2612 1447 2653; x_wconf 59' lang='grc' dir='ltr'>ὓ</span> 
     </span>
     <span class='ocr_line' id='line_1_22' title="bbox 269 2702 1405 2788; baseline -0.001 -19"><span class='ocrx_word' id='word_1_186' title='bbox 269 2703 369 2769; x_wconf 80' lang='lat' dir='ltr'><strong>iacies</strong></span> <span class='ocrx_word' id='word_1_187' title='bbox 392 2722 489 2788; x_wconf 88' lang='lat' dir='ltr'><strong>opera</strong></span> <span class='ocrx_word' id='word_1_188' title='bbox 516 2722 634 2782; x_wconf 87' lang='lat' dir='ltr'><strong>eorum,</strong></span> <span class='ocrx_word' id='word_1_189' title='bbox 668 2702 725 2768; x_wconf 91' lang='lat' dir='ltr'><strong>sod</strong></span> <span class='ocrx_word' id='word_1_190' title='bbox 756 2703 900 2769; x_wconf 88' lang='lat' dir='ltr'><strong>destrues</strong></span> <span class='ocrx_word' id='word_1_191' title='bbox 928 2723 982 2770; x_wconf 88' lang='lat' dir='ltr'><strong>eos</strong></span> <span class='ocrx_word' id='word_1_192' title='bbox 1016 2706 1049 2769; x_wconf 87' lang='lat' dir='ltr'><strong>et</strong></span> <span class='ocrx_word' id='word_1_193' title='bbox 1076 2704 1254 2788; x_wconf 80' lang='lat' dir='ltr'><strong>confringes</strong></span> <span class='ocrx_word' id='word_1_194' title='bbox 1280 2702 1405 2769; x_wconf 81' lang='lat' dir='ltr'><strong>statuas</strong></span> 
     </span>
     <span class='ocr_line' id='line_1_23' title="bbox 273 2805 1404 2892; baseline -0.002 -20"><span class='ocrx_word' id='word_1_195' title='bbox 273 2825 399 2872; x_wconf 83' lang='lat' dir='ltr'><strong>eorum:</strong></span> <span class='ocrx_word' id='word_1_196' title='bbox 423 2807 632 2889; x_wconf 89' lang='lat' dir='ltr'><strong>seruistisque</strong></span> <span class='ocrx_word' id='word_1_197' title='bbox 656 2805 781 2872; x_wconf 88' lang='lat' dir='ltr'><strong>domino</strong></span> <span class='ocrx_word' id='word_1_198' title='bbox 799 2807 859 2872; x_wconf 87' lang='lat' dir='ltr'><strong>deo</strong></span> <span class='ocrx_word' id='word_1_199' title='bbox 873 2809 990 2873; x_wconf 72' lang='lat' dir='ltr'><strong>uasbo.</strong></span> <span class='ocrx_word' id='word_1_200' title='bbox 1035 2808 1082 2873; x_wconf 82' lang='lat' dir='ltr'><strong>lit</strong></span> <span class='ocrx_word' id='word_1_201' title='bbox 1102 2807 1193 2892; x_wconf 86' lang='lat' dir='ltr'><strong>post</strong></span> <span class='ocrx_word' id='word_1_202' title='bbox 1214 2806 1341 2871; x_wconf 84' lang='lat' dir='ltr'><strong>multa</strong></span> <span class='ocrx_word' id='word_1_203' title='bbox 1366 2808 1404 2870; x_wconf 92' lang='lat' dir='ltr'><strong>iu</strong></span> 
     </span>
     <span class='ocr_line' id='line_1_24' title="bbox 273 2907 1403 2993; baseline 0 -19"><span class='ocrx_word' id='word_1_204' title='bbox 273 2909 408 2976; x_wconf 87' lang='lat' dir='ltr'><strong>eodem</strong></span> <span class='ocrx_word' id='word_1_205' title='bbox 436 2910 539 2975; x_wconf 90' lang='lat' dir='ltr'><strong>libro</strong></span> <span class='ocrx_word' id='word_1_206' title='bbox 570 2907 614 2972; x_wconf 94' lang='lat' dir='ltr'><strong>de</strong></span> <span class='ocrx_word' id='word_1_207' title='bbox 644 2908 723 2975; x_wconf 91' lang='lat' dir='ltr'><strong>diis</strong></span> <span class='ocrx_word' id='word_1_208' title='bbox 750 2910 942 2993; x_wconf 83' lang='lat' dir='ltr'><strong>gentium:</strong></span> <span class='ocrx_word' id='word_1_209' title='bbox 966 2910 1031 2976; x_wconf 85' lang='lat' dir='ltr'><strong>Sed</strong></span> <span class='ocrx_word' id='word_1_210' title='bbox 1054 2909 1403 2987; x_wconf 87' lang='lat' dir='ltr'><strong>araseorumdestruc,</strong></span> 
     </span>
     <span class='ocr_line' id='line_1_25' title="bbox 271 3010 1403 3097; baseline 0.004 -21"><span class='ocrx_word' id='word_1_211' title='bbox 271 3010 433 3095; x_wconf 78' lang='lat' dir='ltr'><strong>confringe</strong></span> <span class='ocrx_word' id='word_1_212' title='bbox 455 3010 577 3076; x_wconf 86' lang='lat' dir='ltr'><strong>statuas</strong></span> <span class='ocrx_word' id='word_1_213' title='bbox 607 3011 760 3097; x_wconf 89' lang='lat' dir='ltr'><strong>lucosque</strong></span> <span class='ocrx_word' id='word_1_214' title='bbox 784 3015 922 3081; x_wconf 88' lang='lat' dir='ltr'><strong>succide.</strong></span> <span class='ocrx_word' id='word_1_215' title='bbox 967 3016 1032 3081; x_wconf 91' lang='lat' dir='ltr'><strong>noli</strong></span> <span class='ocrx_word' id='word_1_216' title='bbox 1055 3016 1187 3082; x_wconf 86' lang='lat' dir='ltr'><strong>adorare</strong></span> <span class='ocrx_word' id='word_1_217' title='bbox 1216 3015 1312 3081; x_wconf 90' lang='lat' dir='ltr'><strong>doum</strong></span> <span class='ocrx_word' id='word_1_218' title='bbox 1342 3014 1403 3080; x_wconf 88' lang='lat' dir='ltr'><strong>aii-</strong></span> 
     </span>
     <span class='ocr_line' id='line_1_26' title="bbox 273 3116 1446 3197; baseline 0.002 -17"><span class='ocrx_word' id='word_1_219' title='bbox 273 3133 376 3181; x_wconf 89' lang='lat' dir='ltr'><strong>enum.</strong></span> <span class='ocrx_word' id='word_1_220' title='bbox 401 3116 546 3182; x_wconf 91' lang='lat' dir='ltr'><strong>domiuus</strong></span> <span class='ocrx_word' id='word_1_221' title='bbox 575 3116 694 3183; x_wconf 85' lang='lat' dir='ltr'><strong>zelotes</strong></span> <span class='ocrx_word' id='word_1_222' title='bbox 717 3137 829 3185; x_wconf 88' lang='lat' dir='ltr'><strong>nomeu</strong></span> <span class='ocrx_word' id='word_1_223' title='bbox 854 3120 932 3197; x_wconf 90' lang='lat' dir='ltr'><strong>eius,</strong></span> <span class='ocrx_word' id='word_1_224' title='bbox 957 3120 1036 3187; x_wconf 88' lang='lat' dir='ltr'><strong>deus</strong></span> <span class='ocrx_word' id='word_1_225' title='bbox 1065 3120 1114 3185; x_wconf 88' lang='lat' dir='ltr'><strong>est</strong></span> <span class='ocrx_word' id='word_1_226' title='bbox 1136 3119 1320 3185; x_wconf 83' lang='lat' dir='ltr'><strong>aemulator.</strong></span> <span class='ocrx_word' id='word_1_227' title='bbox 1364 3122 1446 3183; x_wconf 66' lang='lat' dir='ltr'><strong>ue¹⁵</strong></span> 
     </span>
     <span class='ocr_line' id='line_1_27' title="bbox 272 3220 1404 3307; baseline -0.001 -21"><span class='ocrx_word' id='word_1_228' title='bbox 272 3223 362 3287; x_wconf 89' lang='lat' dir='ltr'><strong>ineas</strong></span> <span class='ocrx_word' id='word_1_229' title='bbox 383 3222 513 3305; x_wconf 89' lang='lat' dir='ltr'><strong>pactum</strong></span> <span class='ocrx_word' id='word_1_230' title='bbox 535 3241 607 3288; x_wconf 91' lang='lat' dir='ltr'><strong>cum</strong></span> <span class='ocrx_word' id='word_1_231' title='bbox 624 3222 803 3289; x_wconf 88' lang='lat' dir='ltr'><strong>hominibus</strong></span> <span class='ocrx_word' id='word_1_232' title='bbox 817 3222 943 3288; x_wconf 89' lang='lat' dir='ltr'><strong>illarum</strong></span> <span class='ocrx_word' id='word_1_233' title='bbox 958 3225 1132 3307; x_wconf 83' lang='lat' dir='ltr'><strong>regionum,</strong></span> <span class='ocrx_word' id='word_1_234' title='bbox 1156 3242 1195 3288; x_wconf 93' lang='lat' dir='ltr'><strong>ue</strong></span> <span class='ocrx_word' id='word_1_235' title='bbox 1210 3239 1284 3287; x_wconf 88' lang='lat' dir='ltr'><strong>cum</strong></span> <span class='ocrx_word' id='word_1_236' title='bbox 1305 3220 1404 3287; x_wconf 86' lang='lat' dir='ltr'><strong>iorni-</strong></span> 
     </span>
     <span class='ocr_line' id='line_1_28' title="bbox 272 3324 1403 3404; baseline 0.002 -16"><span class='ocrx_word' id='word_1_237' title='bbox 272 3325 336 3389; x_wconf 90' lang='lat' dir='ltr'><strong>cati</strong></span> <span class='ocrx_word' id='word_1_238' title='bbox 358 3324 475 3389; x_wconf 85' lang='lat' dir='ltr'><strong>suerint</strong></span> <span class='ocrx_word' id='word_1_239' title='bbox 504 3344 576 3390; x_wconf 89' lang='lat' dir='ltr'><strong>cum</strong></span> <span class='ocrx_word' id='word_1_240' title='bbox 605 3324 666 3392; x_wconf 88' lang='lat' dir='ltr'><strong>diis</strong></span> <span class='ocrx_word' id='word_1_241' title='bbox 695 3327 762 3393; x_wconf 84' lang='lat' dir='ltr'><strong>suis</strong></span> <span class='ocrx_word' id='word_1_242' title='bbox 793 3328 826 3392; x_wconf 90' lang='lat' dir='ltr'><strong>et</strong></span> <span class='ocrx_word' id='word_1_243' title='bbox 856 3325 1058 3393; x_wconf 88' lang='lat' dir='ltr'><strong>adoraueriut</strong></span> <span class='ocrx_word' id='word_1_244' title='bbox 1086 3325 1257 3392; x_wconf 86' lang='lat' dir='ltr'><strong>simulacra</strong></span> <span class='ocrx_word' id='word_1_245' title='bbox 1286 3342 1403 3404; x_wconf 88' lang='lat' dir='ltr'><strong>eorum,</strong></span> 
     </span>
    </p>
   </div>
   <div class='ocr_carea' id='block_1_4' title="bbox 375 3545 1258 3611">
    <p class='ocr_par' dir='ltr' id='par_1_4' title="bbox 375 3545 1258 3611">
     <span class='ocr_line' id='line_1_29' title="bbox 375 3545 1258 3611; baseline 0.001 -12"><span class='ocrx_word' id='word_1_246' title='bbox 375 3545 515 3611; x_wconf 62' lang='lat' dir='ltr'><strong>texat,</strong></span> <span class='ocrx_word' id='word_1_247' title='bbox 535 3547 602 3601; x_wconf 84' lang='grc'><strong>1-9</strong></span> <span class='ocrx_word' id='word_1_248' title='bbox 672 3546 910 3601; x_wconf 58' lang='lat' dir='ltr'><strong>soromatas</strong></span> <span class='ocrx_word' id='word_1_249' title='bbox 979 3545 1077 3601; x_wconf 73' lang='lat' dir='ltr'><strong>eam.</strong></span> <span class='ocrx_word' id='word_1_250' title='bbox 1094 3546 1137 3611; x_wconf 79' lang='lat'><strong>34,</strong></span> <span class='ocrx_word' id='word_1_251' title='bbox 1156 3546 1258 3601; x_wconf 79' lang='lat'><strong>13-17</strong></span> 
     </span>
    </p>
   </div>
   <div class='ocr_carea' id='block_1_5' title="bbox 269 3748 1409 4181">
    <p class='ocr_par' dir='ltr' id='par_1_5' title="bbox 269 3748 1409 4181">
     <span class='ocr_line' id='line_1_30' title="bbox 323 3748 1409 3818; baseline 0.004 -16"><span class='ocrx_word' id='word_1_252' title='bbox 323 3748 465 3803; x_wconf 77' lang='lat' dir='ltr'><strong>locetbS</strong></span> <span class='ocrx_word' id='word_1_253' title='bbox 530 3748 807 3818; x_wconf 66' lang='lat' dir='ltr'><strong>iopener⁰S(eod.</strong></span> <span class='ocrx_word' id='word_1_254' title='bbox 821 3751 939 3818; x_wconf 70' lang='lat' dir='ltr'><strong>Amici.)</strong></span> <span class='ocrx_word' id='word_1_255' title='bbox 1009 3749 1125 3805; x_wconf 83' lang='lat' dir='ltr'><strong>3habsr</strong></span> <span class='ocrx_word' id='word_1_256' title='bbox 1140 3752 1186 3805; x_wconf 78' lang='grc' dir='ltr'><strong>Μ’</strong></span> <span class='ocrx_word' id='word_1_257' title='bbox 1254 3751 1409 3807; x_wconf 80' lang='lat' dir='ltr'><strong>‹iderrabsi</strong></span> 
     </span>
     <span class='ocr_line' id='line_1_31' title="bbox 270 3834 1336 3909; baseline 0.005 -20"><span class='ocrx_word' id='word_1_258' title='bbox 270 3836 318 3889; x_wconf 77' lang='grc' dir='ltr'><strong>Μι</strong></span> <span class='ocrx_word' id='word_1_259' title='bbox 398 3834 548 3903; x_wconf 85' lang='lat' dir='ltr'><strong>5pnucspe</strong></span> <span class='ocrx_word' id='word_1_260' title='bbox 566 3836 650 3890; x_wconf 84' lang='lat' dir='ltr'><strong>M¹P¹</strong></span> <span class='ocrx_word' id='word_1_261' title='bbox 730 3834 866 3891; x_wconf 76' lang='lat' dir='ltr'><strong>mucorem</strong></span> <span class='ocrx_word' id='word_1_262' title='bbox 880 3838 956 3892; x_wconf 76' lang='grc' dir='ltr'><strong>ΜΨ</strong></span> <span class='ocrx_word' id='word_1_263' title='bbox 1028 3839 1090 3892; x_wconf 77' lang='lat' dir='ltr'><strong>iet</strong></span> <span class='ocrx_word' id='word_1_264' title='bbox 1105 3853 1131 3907; x_wconf 90' lang='lat' dir='ltr'><strong>p.</strong></span> <span class='ocrx_word' id='word_1_265' title='bbox 1146 3839 1217 3909; x_wconf 90' lang='lat' dir='ltr'><strong>post]</strong></span> <span class='ocrx_word' id='word_1_266' title='bbox 1236 3854 1287 3893; x_wconf 84' lang='lat' dir='ltr'><strong>ora.</strong></span> <span class='ocrx_word' id='word_1_267' title='bbox 1306 3839 1336 3895; x_wconf 84' lang='lat' dir='ltr'><em>R</em></span> 
     </span>
     <span class='ocr_line' id='line_1_32' title="bbox 269 3910 1403 4011; baseline 0.005 -20"><span class='ocrx_word' id='word_1_268' title='bbox 269 3944 359 4007; x_wconf 77' lang='lat' dir='ltr'><strong>smgrs</strong></span> <span class='ocrx_word' id='word_1_269' title='bbox 368 3938 423 4001; x_wconf 77' lang='grc' dir='ltr'><strong>Μ’,</strong></span> <span class='ocrx_word' id='word_1_270' title='bbox 441 3910 575 4005; x_wconf 65' lang='lat' dir='ltr'><strong>anagnis</strong></span> <span class='ocrx_word' id='word_1_271' title='bbox 641 3938 674 3992; x_wconf 92' lang='lat'><strong>10</strong></span> <span class='ocrx_word' id='word_1_272' title='bbox 691 3942 819 4007; x_wconf 80' lang='lat' dir='ltr'><strong>pauperet</strong></span> <span class='ocrx_word' id='word_1_273' title='bbox 833 3940 916 3994; x_wconf 69' lang='grc' dir='ltr'><strong>ΜΨ</strong></span> <span class='ocrx_word' id='word_1_274' title='bbox 987 3940 1017 3995; x_wconf 90' lang='lat'><strong>11</strong></span> <span class='ocrx_word' id='word_1_275' title='bbox 1036 3939 1170 3995; x_wconf 76' lang='lat' dir='ltr'><strong>miserebor</strong></span> <span class='ocrx_word' id='word_1_276' title='bbox 1185 3942 1218 3995; x_wconf 64' lang='grc' dir='ltr'><strong>θ’</strong></span> <span class='ocrx_word' id='word_1_277' title='bbox 1286 3942 1403 4011; x_wconf 80' lang='lat' dir='ltr'><strong>negotio]</strong></span> 
     </span>
     <span class='ocr_line' id='line_1_33' title="bbox 270 4006 1408 4095; baseline 0.004 -18"><span class='ocrx_word' id='word_1_278' title='bbox 270 4022 369 4077; x_wconf 78' lang='lat' dir='ltr'><strong>induero</strong></span> <span class='ocrx_word' id='word_1_279' title='bbox 387 4006 517 4079; x_wconf 65' lang='lat' dir='ltr'><strong>P¹Roo&#39;</strong></span> <span class='ocrx_word' id='word_1_280' title='bbox 567 4024 771 4079; x_wconf 68' lang='lat' dir='ltr'><strong>leonenses</strong></span> <span class='ocrx_word' id='word_1_281' title='bbox 845 4024 889 4095; x_wconf 84' lang='lat' dir='ltr'><strong>ad]</strong></span> <span class='ocrx_word' id='word_1_282' title='bbox 907 4041 942 4081; x_wconf 78' lang='lat' dir='ltr'><strong>cx</strong></span> <span class='ocrx_word' id='word_1_283' title='bbox 959 4043 1031 4082; x_wconf 83' lang='lat' dir='ltr'><strong>corr.</strong></span> <span class='ocrx_word' id='word_1_284' title='bbox 1050 4026 1117 4080; x_wconf 83' lang='lat' dir='ltr'><strong>add.</strong></span> <span class='ocrx_word' id='word_1_285' title='bbox 1136 4026 1186 4081; x_wconf 65' lang='grc' dir='ltr'><strong>ΡΒ</strong></span> <span class='ocrx_word' id='word_1_286' title='bbox 1261 4026 1408 4083; x_wconf 79' lang='lat' dir='ltr'><strong>hodrcurer</strong></span> 
     </span>
     <span class='ocr_line' id='line_1_34' title="bbox 271 4107 1405 4181; baseline 0.005 -18"><span class='ocrx_word' id='word_1_287' title='bbox 271 4108 317 4171; x_wconf 79' lang='lat'><strong>1²¹,</strong></span> <span class='ocrx_word' id='word_1_288' title='bbox 341 4107 488 4164; x_wconf 68' lang='lat' dir='ltr'><strong>odsenrrsr</strong></span> <span class='ocrx_word' id='word_1_289' title='bbox 509 4110 547 4165; x_wconf 82' lang='lat' dir='ltr'><strong><em>M</em></strong></span> <span class='ocrx_word' id='word_1_290' title='bbox 624 4110 657 4163; x_wconf 81' lang='lat'><strong>15</strong></span> <span class='ocrx_word' id='word_1_291' title='bbox 682 4110 743 4179; x_wconf 86' lang='lat' dir='ltr'><strong>quis</strong></span> <span class='ocrx_word' id='word_1_292' title='bbox 761 4125 801 4165; x_wconf 87' lang='lat' dir='ltr'><strong>an</strong></span> <span class='ocrx_word' id='word_1_293' title='bbox 819 4110 1007 4181; x_wconf 70' lang='lat' dir='ltr'><strong>implorati</strong></span> <span class='ocrx_word' id='word_1_294' title='bbox 1084 4119 1188 4167; x_wconf 78' lang='lat' dir='ltr'><strong>auersos</strong></span> <span class='ocrx_word' id='word_1_295' title='bbox 1203 4113 1237 4169; x_wconf 82' lang='lat'><strong>0¹</strong></span> <span class='ocrx_word' id='word_1_296' title='bbox 1315 4114 1349 4169; x_wconf 80' lang='lat'><strong>19</strong></span> <span class='ocrx_word' id='word_1_297' title='bbox 1366 4130 1405 4169; x_wconf 92' lang='lat' dir='ltr'><strong>m-</strong></span> 
     </span>
    </p>
   </div>
   <div class='ocr_carea' id='block_1_6' title="bbox 268 4194 1406 4270">
    <p class='ocr_par' dir='ltr' id='par_1_6' title="bbox 268 4194 1406 4270">
     <span class='ocr_line' id='line_1_35' title="bbox 268 4194 1406 4270; baseline 0.004 -22"><span class='ocrx_word' id='word_1_298' title='bbox 268 4199 362 4263; x_wconf 82' lang='lat' dir='ltr'><strong>pobra</strong></span> <span class='ocrx_word' id='word_1_299' title='bbox 378 4194 414 4249; x_wconf 90' lang='grc' dir='ltr'><strong>Ρ1</strong></span> <span class='ocrx_word' id='word_1_300' title='bbox 500 4196 534 4250; x_wconf 81' lang='lat'><strong>20</strong></span> <span class='ocrx_word' id='word_1_301' title='bbox 550 4195 679 4266; x_wconf 60' lang='lat' dir='ltr'><strong>loqmrs‘*</strong></span> <span class='ocrx_word' id='word_1_302' title='bbox 696 4196 743 4251; x_wconf 81' lang='grc' dir='ltr'><strong>Μι</strong></span> <span class='ocrx_word' id='word_1_303' title='bbox 829 4213 879 4251; x_wconf 91' lang='lat' dir='ltr'><strong>uec</strong></span> <span class='ocrx_word' id='word_1_304' title='bbox 895 4198 1007 4253; x_wconf 78' lang='lat' dir='ltr'><strong>colatS</strong></span> <span class='ocrx_word' id='word_1_305' title='bbox 1088 4197 1124 4252; x_wconf 83' lang='lat'><strong>24</strong></span> <span class='ocrx_word' id='word_1_306' title='bbox 1141 4203 1255 4253; x_wconf 70' lang='lat' dir='ltr'><strong>marnas</strong></span> <span class='ocrx_word' id='word_1_307' title='bbox 1268 4198 1406 4270; x_wconf 79' lang='lat' dir='ltr'><strong>oonhrnge</strong></span> 
     </span>
    </p>
   </div>
   <div class='ocr_carea' id='block_1_7' title="bbox 270 4279 1341 4422">
    <p class='ocr_par' dir='ltr' id='par_1_7' title="bbox 270 4279 1341 4422">
     <span class='ocr_line' id='line_1_36' title="bbox 270 4279 1341 4422; baseline 0.006 -88"><span class='ocrx_word' id='word_1_308' title='bbox 270 4279 304 4419; x_wconf 53' lang='lat'><strong>{56</strong></span> <span class='ocrx_word' id='word_1_309' title='bbox 371 4280 518 4422; x_wconf 42' lang='lat' dir='ltr'><strong>nhessddrio</strong></span> <span class='ocrx_word' id='word_1_310' title='bbox 535 4280 681 4338; x_wconf 80' lang='lat' dir='ltr'><strong>adorareS</strong></span> <span class='ocrx_word' id='word_1_311' title='bbox 755 4282 1022 4339; x_wconf 69' lang='lat' dir='ltr'><strong>coadoramus</strong></span> <span class='ocrx_word' id='word_1_312' title='bbox 1101 4286 1153 4355; x_wconf 78' lang='lat' dir='ltr'><strong>est]</strong></span> <span class='ocrx_word' id='word_1_313' title='bbox 1171 4300 1222 4340; x_wconf 81' lang='lat' dir='ltr'><strong>om.</strong></span> <span class='ocrx_word' id='word_1_314' title='bbox 1241 4284 1341 4341; x_wconf 70' lang='lat' dir='ltr'><strong>Pons</strong></span> 
     </span>
     <span class='ocr_line' id='line_1_37' title="bbox 321 4372 453 4421; baseline 0.023 -2"><span class='ocrx_word' id='word_1_315' title='bbox 321 4372 392 4421; x_wconf 79' lang='lat' dir='ltr'><strong>suras</strong></span> <span class='ocrx_word' id='word_1_316' title='bbox 446 4373 453 4399; x_wconf 86' lang='lat'><strong>¹</strong></span> 
     </span>
    </p>
   </div>
   <div class='ocr_carea' id='block_1_8' title="bbox 0 0 1589 4964">
    <p class='ocr_par' dir='ltr' id='par_1_8' title="bbox 0 0 1589 4964">
     <span class='ocr_line' id='line_1_38' title="bbox 0 0 1589 4964; baseline 0 0"><span class='ocrx_word' id='word_1_317' title='bbox 0 0 1589 4964; x_wconf 95' lang='lat' dir='ltr'><strong> </strong></span> 
     </span>
    </p>
   </div>
  </div>
 </body>
</html>
