3159 4967
581 532 583 538 Α
657 462 841 531 Speculum.
1296 462 1318 528 9

179 646 320 714 tenderit
333 666 462 715 manum
478 649 509 715 in
524 669 592 715 rem
614 652 747 733 proximi
763 652 812 715 sui
836 651 877 715 ad
897 652 1140 734 perpetrandam
1155 651 1316 731 fraudem,

179 751 249 815 tam
270 750 303 815 iu
325 752 406 817 bono
429 770 525 835 qnam
546 754 579 817 in
603 755 689 818 asino
719 754 751 817 et
779 772 838 819 oue
868 772 904 818 ao
933 755 1132 833 uestimento,
1162 756 1195 819 et
1224 755 1316 838 quio-

182 854 259 936 quid
276 854 424 919 damnum
446 854 560 919 inferre
582 856 702 939 potest:
727 857 758 921 et
782 856 823 921 ad
846 856 922 921 deos
945 858 1107 940 utriusque
1130 875 1229 923 eausa
1242 877 1316 941 per-

181 958 308 1023 ueniat:
333 957 365 1022 et
387 957 413 1022 si
435 958 484 1023 illi
505 957 727 1038 iudicauerint,
758 958 889 1042 duplum
916 960 1065 1025 restituet
1085 961 1225 1043 proximo
1248 980 1315 1027 suo.

154 1060 211 1133 ssi
233 1060 305 1144 quis
327 1060 598 1127 commendauerit
619 1064 759 1144 proximo
783 1082 839 1128 suo
864 1064 995 1140 asinum,
1028 1063 1145 1129 bouem
1168 1065 1201 1128 et
1222 1083 1315 1129 ouem

183 1162 216 1227 et
253 1181 345 1229 omne
381 1165 557 1230 iumentum
592 1164 632 1229 ad
666 1165 844 1231 custodiam
878 1165 910 1232 et
942 1167 1102 1231 mortuum
1133 1165 1229 1231 fuerit
1263 1168 1319 1231 aut

183 1264 383 1331 debilitatum
417 1268 469 1332 uel
496 1268 626 1351 captum
655 1270 694 1333 ab
722 1269 865 1334 hostibus
897 1269 1065 1352 nullusque
1097 1270 1156 1335 hoe
1190 1269 1318 1350 uiderit,

180 1368 399 1434 iusiurandum
422 1370 482 1435 erit
496 1371 528 1435 in
543 1370 658 1449 medio,
683 1370 766 1453 quod
781 1390 842 1437 non
858 1371 1034 1437 extenderit
1048 1390 1177 1437 manum
1193 1372 1318 1437 adrem

180 1473 314 1555 proximi
337 1474 402 1539 sui:
425 1474 639 1557 suscipietque
662 1465 1042 1554 dominus'iuramentnm
1066 1475 1168 1542 stille
1182 1475 1318 1541 reddere

141 1602 169 1643 11
181 1592 243 1640 non
265 1576 404 1659 cogetur.
445 1575 529 1660 quod
549 1576 578 1641 'si
592 1576 676 1641 furto
695 1576 856 1641 sublatum
869 1576 974 1656 fuerit,
996 1567 1149 1643 restituet
1166 1577 1318 1643 damnum

182 1677 318 1743 domino.
364 1679 392 1744 si
414 1678 591 1745 comestum
614 1696 633 1742 a
653 1678 767 1758 bestia,
792 1677 894 1744 defert
916 1679 957 1743 ad
979 1698 1052 1744 eum
1068 1679 1152 1763 quod
1175 1680 1317 1745 oooisum

182 1780 233 1845 ost
272 1780 305 1845 et
335 1799 398 1847 non
430 1780 586 1846 restituet.
633 1780 687 1864 qui
713 1799 733 1845 a
758 1781 898 1865 proximo
925 1800 982 1847 suo
1008 1784 1178 1866 quiequam
1205 1784 1319 1848 horum

179 1884 327 1949 mutuum
359 1883 589 1966 postulauerit‚
629 1884 661 1949 et
698 1884 899 1951 debilitatum
936 1887 991 1950 aut
1027 1886 1187 1951 mortuum
1219 1884 1316 1951 fuerit

182 1985 307 2053 domino
330 2005 391 2052 non
412 1987 589 2070 praesente,
615 1987 750 2053 reddere
774 1988 977 2071 conpelletur.
1017 1989 1102 2071 qnod
1125 1990 1152 2055 si
1174 1991 1207 2053 in
1221 2007 1317 2071 prae·

139 2090 355 2157 anonumum
376 2089 437 2155 tuit
460 2089 615 2169 dominus,
644 2108 705 2155 non
726 2090 885 2169 restituet,
914 2092 1051 2157 maximo
1075 2091 1102 2158 si
1125 2092 1318 2157 oonduotum

181 2195 314 2258 uenerat
335 2211 390 2276 pro
413 2192 562 2259 mercede
584 2193 687 2275 operis
710 2193 768 2259 sui.
814 2193 842 2259 si
870 2193 1031 2259 seduxerit
1059 2195 1130 2277 quis
1160 2194 1318 2277 uirginem

182 2297 318 2363 nendum
347 2297 569 2381 desponsatam
599 2297 631 2361 ot
659 2296 822 2362 dormierit
849 2315 923 2363 oum
952 2316 1000 2375 ea,
1030 2297 1152 2363 dotabit
1184 2316 1255 2363 eam
1285 2297 1318 2362 et

181 2401 312 2468 hebebit
333 2419 471 2466 uxorem.
518 2402 546 2465 si
567 2400 657 2484 pater
679 2400 812 2483 uirginis
835 2400 911 2465 dere
939 2401 1085 2479 noluerit,
1117 2401 1231 2467 reddet
1257 2419 1317 2483 pe-

182 2504 308 2569 cuniam
329 2504 418 2569 iuxta
438 2504 570 2569 modum
593 2503 677 2569 dotis
692 2522 787 2585 quam
802 2504 942 2587 uirgines
958 2504 1101 2586 aooipere
1117 2504 1317 2569 consuerunt.

139 2606 345 2673 nmalefioos
367 2626 428 2673 non
451 2608 580 2690 patieris
602 2608 721 2672 uiuere.
757 2606 811 2689 qui
826 2607 939 2672 coierit
953 2624 1026 2671 enm
1040 2605 1191 2683 iumento,
1213 2606 1318 2669 morte

181 2708 343 2775 moriatur.
389 2709 443 2792 qui
464 2709 608 2775 immolat
631 2708 702 2787 diis,
732 2708 905 2787 occidetur,
933 2709 1058 2791 praeter
1088 2708 1215 2773 domino
1246 2708 1316 2773 soli.

183 2813 339 2878 aduenam
361 2831 422 2877 non
445 2812 647 2879 oontfistebis
670 2830 771 2895 nequo
796 2811 927 2895 adfliges
950 2830 1038 2877 eum:
1069 2811 1211 2876 aduenae
1235 2811 1319 2877 onim

180 2912 287 2980 fuistis
308 2912 340 2979 in
362 2914 450 2979 terra
470 2914 614 2999 Aegypti.
660 2912 777 2979 uiduae
802 2914 834 2978 ot
855 2912 974 2996 pnpssio
996 2931 1057 2978 non
1080 2912 1244 2979 nocebitis.
1290 2913 1319 2979 ei

181 3016 340 3083 laeseritis
357 3035 421 3096 eos,
437 3016 692 3082 desiderabantur
710 3015 750 3082 ad
764 3035 826 3095 me,
844 3016 877 3080 et
892 3034 950 3099 ogo
963 3014 1130 3082 exaudiam
1142 3015 1318 3081 clamorem

141 3138 170 3181 ae
184 3136 292 3185 eorum
316 3119 348 3185 et
368 3117 583 3202 indignabitur
605 3117 691 3184 furor
712 3138 804 3184 meus
825 3118 1063 3202 parentiamque
1086 3137 1145 3185 uos
1159 3119 1268 3203 gladio
1286 3119 1319 3183 et

184 3224 276 3290 erunt
297 3240 410 3290 uxores
432 3222 559 3287 nostae
580 3221 698 3287 uiduae
728 3222 760 3287 et
786 3221 845 3287 iiiii
866 3221 966 3287 uestri
992 3221 1114 3305 pupilli.
1160 3222 1187 3289 si
1216 3240 1318 3304 poeu-

182 3326 269 3394 niam
291 3327 435 3391 mutuam
459 3324 584 3391 dederis
607 3325 722 3409 populo
744 3344 816 3391 meo
831 3325 970 3409 pauperi,
994 3325 1048 3408 qui
1063 3323 1318 3403 habitatteoum‚

182 3448 247 3494 non
266 3446 362 3512 urges
385 3446 457 3493 oum
480 3428 569 3511 quasi
593 3428 720 3493 exactor
742 3446 800 3493 neo
823 3428 928 3493 usuris
943 3428 1109 3511 opprimes.
1156 3427 1183 3492 si
1204 3427 1319 3510 pignus

235 3614 249 3668 1
267 3612 395 3668 manutS
459 3612 477 3667 3
493 3614 592 3683 potest]
611 3618 681 3683 pund
699 3612 723 3667 0
790 3611 825 3667 ad
843 3620 888 3667 eos
903 3613 939 3668 ΡΙ
1008 3613 1025 3666 5
1044 3629 1077 3667 er
1091 3628 1205 3668 eruam
1222 3614 1251 3669 P

181 3700 315 3755 domnam
333 3700 369 3754 ΡΙ
440 3697 604 3769 7110111111]
625 3697 718 3752 bestiis
736 3714 755 3751 α
829 3698 846 3751 8
863 3704 944 3753 mand
959 3702 1006 3752 ma
1022 3699 1051 3754 R
1121 3698 1165 3769 ad]
1183 3698 1254 3752 nnS

185 3785 218 3839 10
235 3800 344 3857 cogatur
360 3785 407 3839 111¹
484 3782 590 3839 furnum
607 3785 643 3839 Ρι
721 3784 752 3838 11
772 3788 862 3840 metti
880 3784 936 3850 Μ’,
955 3788 1075 3840 comeatu
1094 3785 1123 3840 R
1192 3783 1319 3839 aboena

181 3870 269 3926 fuam
282 3888 301 3925 a
378 3868 469 3925 deferr
487 3871 577 3936 ΜΡΗ,
596 3868 688 3925 defror
708 3870 750 3935 0¹,
769 3868 877 3924 deferet
897 3870 977 3926 O’Ra
996 3869 1067 3939 (cod.
1086 3870 1161 3938 Am.)
1242 3869 1277 3923 16
1294 3872 1319 3924 si

184 3958 242 4027 quio
259 3956 419 4012 reduxerita
488 3956 520 4011 17
533 3954 689 4026 disponsata
701 3955 776 4011 ΜΨ
843 3955 876 4010 18
892 3954 1009 4010 habebnt
1028 3971 1088 4009 eam
1104 3954 1251 4010 MPGRoo

182 4042 256 4113 dure]
275 4040 374 4097 donare
391 4042 420 4097 P
525 4040 626 4097 reddar
644 4042 750 4098 Mosa
855 4042 887 4097 19
905 4046 1064 4096 oenmernnr
1083 4040 1129 4105 P',
1147 4042 1321 4095 oonmenorut

183 4130 227 4185 Ro
297 4126 332 4182 20
343 4144 387 4198 qm
404 4143 501 4183 eonem
520 4128 553 4181 io
569 4144 627 4184 roe.
646 4129 681 4184 ab
695 4127 731 4183 al.
750 4144 784 4181 m.
798 4128 826 4182 P
891 4142 1043 4181 iumentum
1060 4127 1096 4181 Ρ·
1165 4126 1198 4180 21
1216 4126 1321 4198 monet

184 4214 214 4279 S,
231 4228 300 4268 mon
318 4212 366 4268 Μι
459 4212 574 4267 11111110Ιῶ
592 4212 616 4268 S
709 4210 743 4265 22
761 4210 868 4281 adfligit
882 4212 939 4276 Μ’,
958 4210 1056 4280 affligit
1070 4213 1103 4278 P,
1121 4211 1254 4282 adiget&

183 4300 278 4355 &emm
302 4298 326 4354 S
424 4296 459 4352 23
481 4300 582 4367 aegipti
601 4298 625 4353 (1
724 4296 835 4353 nooebst
854 4296 951 4352 two
1050 4295 1087 4350 24
1109 4297 1190 4352 audet
1214 4296 1250 4353 So

183 4384 218 4439 21
235 4383 362 4440 muruoB
430 4382 465 4438 28
482 4382 590 4454 urgebit
605 4384 650 4439 Ro
