3159 4967
675 483 856 551 Speculum.
1271 481 1333 549 103

204 672 351 754 petram?
392 669 558 753 propterea
580 687 655 734 ecce
679 687 737 752 ego
760 667 802 733 ad
823 669 1002 751 prophetas,
1026 669 1247 749 sitdominus,
1278 673 1332 754 qui

204 773 349 839 furantur
371 771 469 837 uerba
489 790 563 836 mea
576 771 793 856 unusquisque
809 788 828 836 a
842 771 982 852 proximo
998 789 1063 836 suo.
1110 791 1184 837 ecce
1209 791 1267 856 ego
1291 774 1332 839 ad

203 877 381 960 prophetas,
399 875 444 940 ait
460 875 613 953 dominus,
626 875 680 958 qni
692 873 862 939 adsumunt
871 873 996 958 linguas
1008 893 1082 940 suas
1095 875 1127 939 et
1138 875 1241 940 aiunt:
1255 876 1333 941 dicit

207 977 360 1045 dominus.
407 997 481 1044 ecce
505 997 562 1062 ego
587 979 627 1043 ad
648 978 817 1063 propbetas
841 977 1032 1044 somniantes
1053 979 1263 1058 mendacium,
1289 981 1334 1044 ait

178 1082 360 1160 5(Ιοιιιὶιιιιει,
384 1081 438 1165 qni
455 1082 661 1146 narranernnt
683 1101 722 1146 ea
743 1082 776 1146 et
798 1081 988 1146 seduxerunt
1008 1081 1157 1165 populum
1179 1101 1286 1148 meum
1301 1083 1333 1149 in

204 1185 370 1251 mendacio
392 1203 449 1249 sno
472 1183 549 1248 etin
571 1183 733 1248 miraculis
756 1183 830 1261 suis,
855 1202 927 1249 cunr
951 1202 1009 1267 ego
1024 1204 1084 1250 non
1099 1185 1256 1251 misissem
1280 1205 1334 1253 eos

206 1308 263 1354 nec
275 1287 476 1353 mandassem
488 1287 550 1352 eis:
563 1287 617 1370 qni
627 1286 706 1351 nibil
716 1287 897 1369 profuerunt
906 1287 1021 1370 populo
1035 1287 1120 1368 hnic,
1136 1287 1215 1354 dicit
1230 1288 1332 1353 domi-

205 1410 274 1457 nns.
306 1391 355 1457 at
375 1389 493 1473 paulo
515 1391 620 1473 poett
642 1391 685 1456 at
697 1390 786 1456 misit
802 1391 946 1457 dominns
963 1391 1003 1456 ad
1020 1410 1078 1456 uos
1094 1411 1201 1457 omnes
1225 1411 1333 1457 seruos

207 1513 281 1561 suos
295 1495 463 1577 propbetas
481 1512 674 1577 consurgens
690 1493 828 1560 diluenlo
842 1493 1043 1578 mittensque,
1068 1495 1101 1558 et
1114 1512 1174 1559 uon
1191 1494 1334 1572 audistis,

167 1609 194 1648 1⁰
206 1617 308 1681 neque
321 1596 498 1662 inclinastis
511 1615 602 1661 aures
613 1597 746 1674 aesinae,
758 1596 795 1661 nt
811 1597 972 1676 audiretis,
989 1615 1061 1661 cnm
1074 1595 1208 1662 diaeum:
1223 1616 1334 1662 reuer-

206 1700 312 1765 timini
327 1699 541 1781 unnsquisque
565 1698 652 1762 auia
666 1717 725 1763 sua
745 1697 831 1762 mala
848 1699 879 1764 et
895 1717 914 1762 a
927 1699 1073 1782 pessimis
1088 1700 1334 1784 cogitationibus

206 1803 333 1880 nestris,
357 1802 389 1867 et
409 1800 593 1867 habitabitis
615 1799 763 1880 interra,
794 1819 889 1884 quam
913 1801 1001 1866 dedit
1023 1790 1167 1868 dominus
1189 1803 1280 1868 uobis
1304 1802 1336 1867 et

207 1905 349 1990 patribus
363 1904 489 1982 nestris,
514 1923 532 1968 a
555 1903 681 1968 saeculo
705 1904 738 1967 et
757 1921 859 1986 nsque
880 1903 913 1968 in
930 1904 1100 1970 saeculnm.
1125 1907 1158 1970 et
1179 1905 1275 1970 nolite
1289 1903 1337 1969 ire
1413 1977 1414 1980 Ἴ

207 2009 280 2092 post
302 2008 378 2073 deos
401 2004 530 2085 abenos,
553 2007 589 2070 nt
611 2006 757 2072 serniatis
781 2007 981 2090 adoretisque
1005 2026 1068 2086 eos,
1096 2025 1197 2090 neque
1218 2026 1270 2072 me
1294 2007 1335 2071 ad

169 2122 196 2161 ¹⁵
209 2111 407 2177 iracundiam
427 2109 607 2193 prouocetis
627 2111 660 2174 in
683 2111 828 2192 operibns
849 2129 999 2176 manuum
1013 2110 1202 2189 uestrarum,
1227 2110 1260 2174 et
1273 2128 1334 2174 non

211 2213 361 2297 adfligam
382 2230 448 2278 nos.
495 2213 527 2276 et
554 2231 615 2277 non
639 2211 772 2278 audistis
794 2231 855 2291 me,
879 2212 965 2298 guisia
987 2213 1140 2278 dominus.
1184 2213 1231 2278 Et
1260 2210 1333 2277 ali-

209 2317 358 2400 quanto
379 2316 484 2399 post:
507 2315 699 2380 Maledictus
715 2317 768 2398 qni
783 2315 861 2380 lacit
883 2333 961 2399 opus
977 2315 1095 2381 domini
1108 2315 1333 2380 fraudulenter.

211 2421 311 2484 Item
333 2417 425 2502 post
447 2417 711 2499 aliquantum:
733 2417 841 2482 Bonus
864 2418 913 2482 ost
928 2418 1072 2483 dominus
1088 2417 1286 2500 sperantibus
1301 2416 1332 2482 in

211 2541 292 2601 cnm,
327 2522 449 2586 animae
478 2519 641 2603 quaerenti
669 2519 769 2584 illum.
821 2521 936 2585 bonnm
966 2521 1015 2585 est
1046 2521 1232 2604 praestolari
1263 2539 1335 2585 cnm

168 2635 196 2676 ²⁰
209 2624 334 2691 silentio
368 2623 507 2690 salutare
542 2622 667 2688 domini.
711 2623 828 2688 bonum
863 2623 912 2688 est
944 2623 1029 2702 niro,
1064 2641 1136 2688 cum
1163 2622 1336 2705 portauerit

207 2729 318 2813 iugum
341 2729 380 2792 ab
398 2725 612 2791 adulescentia
628 2745 694 2791 sna
725 2726 850 2792 sedebit
865 2725 1024 2792 solitarius
1047 2727 1080 2791 et
1093 2727 1227 2792 tacebit:
1262 2725 1336 2809 quia

206 2831 329 2896 leuauit
351 2848 444 2913 super
466 2847 509 2894 se.
552 2830 649 2912 ponet
668 2830 701 2893 in
722 2829 853 2912 puluere
870 2849 904 2896 os
928 2849 1029 2911 snum,
1052 2830 1079 2895 si
1094 2829 1173 2895 forte
1189 2829 1231 2895 sit
1253 2847 1334 2912 spes.

211 2933 299 2999 dabit
326 2931 514 3017 percutienti
543 2949 577 2995 se
605 2931 784 3013 maxillam,
819 2933 1011 2998 saturabitur
1038 2932 1227 3016 obprobriis:
1263 2932 1337 3014 qnia

208 3055 270 3102 non
291 3035 417 3119 repellit
437 3035 470 3099 in
493 3032 716 3115 sempitemnm
740 3035 894 3100 dominns.

313 3325 329 3378 8
346 3325 418 3380 Hier.
437 3325 479 3395 25,
495 3324 564 3378 4-7
634 3323 666 3378 17
684 3322 755 3379 Hier.
773 3323 817 3387 la,
837 3323 870 3376 10
939 3323 972 3377 18
989 3323 1082 3378 Thren.
1100 3322 1125 3392 3,
1143 3323 1246 3376 25-32

261 3599 276 3652 1
296 3596 363 3666 ecce]
382 3613 431 3652 om.
444 3596 480 3650 P·
547 3595 565 3648 2
581 3611 698 3664 pronmo
714 3599 759 3649 luo
773 3597 930 3664 (atramque
942 3611 956 3648 o
970 3594 1110 3649 tcrmbsut.
1122 3595 1154 3648 bs
1163 3597 1231 3659 raa.)
1244 3597 1272 3650 P

208 3684 273 3739 let
291 3699 366 3738 ecce.
385 3726 391 3736 .
409 3682 549 3736 somniatus
566 3681 680 3751 ppbetas
697 3697 717 3734 a
787 3681 964 3737 sommanao
1029 3681 1194 3735 dmrlbsrem
1212 3681 1271 3734 MC

209 3773 290 3826 loos
304 3769 352 3822 Μ’
425 3766 647 3838 tppheraulP¹
721 3767 755 3821 12
773 3773 825 3836 qua
842 3783 870 3820 m
888 3779 965 3821 terra
982 3767 1018 3821 ΡΙ
1108 3767 1142 3821 14
1160 3767 1280 3820 seruistis
1299 3766 1336 3820 eis

208 3875 226 3913 c
295 3857 328 3909 16
346 3853 448 3909 andnim
465 3853 509 3916 Μ,
528 3851 680 3909 summa
749 3853 816 3908 abeo
829 3853 889 3908 ΜΟ
956 3853 988 3906 17
1001 3851 1084 3908 nea
1152 3850 1338 3906 fraudolenter

211 3943 236 3999 8
317 3939 351 3995 18
367 3934 386 4009 p
404 3939 587 4009 abquanuoS
674 3938 802 4009 dominus]
826 3926 859 3993 ds
873 3937 958 3995 MOR
1049 3939 1082 3993 19
1101 3937 1272 4007 querentes

209 4027 356 4098 prelrulen
373 4024 452 4090 MO¹,
469 4025 629 4094 praestulari
645 4025 691 4088 1³¹,
716 4024 878 4095 prellrolare
897 4024 920 4079 S
1007 4023 1195 4076 20⁸lalurare
1213 4021 1259 4076 diir
1272 4027 1291 4055 ··
1304 4028 1335 4078 cd

208 4111 367 4168 nlcunoS
431 4109 464 4164 22
481 4112 588 4166 lenamr
604 4117 630 4166 le
647 4116 694 4183 lup
712 4118 738 4165 le
754 4111 802 4166 Ra
887 4126 968 4180 poma
987 4109 1035 4165 Pa
1125 4107 1160 4162 23
1177 4095 1340 4180 pcnrreure'l

211 4200 237 4256 S
299 4199 334 4253 24
352 4199 468 4268 repellet
486 4199 532 4255 av
