3159 4967
653 455 834 524 Speculum.
1247 457 1308 524 105

182 641 354 707 necionem.
392 659 515 706 omnem
538 641 644 704 autem
667 660 876 724 superquam
898 643 1042 709 uideritis
1056 644 1133 710 thau
1156 664 1194 710 ns
1217 646 1304 710 occi-

182 744 284 809 datis:
315 744 348 808 et
375 762 393 806 a
416 743 595 809 sanctuario
616 762 687 808 meo
709 745 847 826 incipite.
892 746 940 810 Et
966 746 1174 828 aliquanto
1201 749 1304 830 post:

184 849 248 913 Pro
271 866 308 911 eo
331 847 414 929 quod
436 865 577 912 maerere
598 845 720 912 fecistis
742 865 796 910 cor
817 847 893 912 iusti
908 849 1111 928 mendaciter,
1135 869 1229 932 quem
1245 869 1304 933 ego

182 970 243 1016 non
256 949 451 1027 contristani,
464 950 498 1013 et
507 948 706 1014 confortastis
721 967 832 1014 manus
847 949 945 1031 impii,
968 952 1078 1017 utnon
1093 953 1304 1018 reuerteretur

155 1072 203 1121 ea
224 1053 278 1120 uia
296 1073 354 1118 sua
375 1053 460 1118 mala
482 1051 515 1118 et
536 1053 667 1116 uiueret
704 1053 803 1117 Item
825 1054 913 1135 poet
935 1053 1198 1136 aliquantum:
1221 1057 1304 1122 Ecce

184 1158 262 1221 baec
284 1156 344 1221 fuit
365 1156 513 1238 iniquitas
535 1155 691 1221 Sodomae
713 1156 827 1222 sororis
848 1157 939 1220 tues:
970 1159 1125 1240 snperbia,
1155 1159 1303 1224 saturitas

180 1259 280 1341 panis,
317 1260 349 1324 et
378 1259 579 1336 abundantia,
614 1260 646 1322 et
665 1260 772 1325 otium
800 1259 899 1341 ipsius
930 1261 961 1324 ot
989 1259 1126 1326 filiarum
1154 1262 1237 1326 eius:
1267 1264 1304 1328 et

181 1381 310 1427 manum
332 1380 432 1445 egeno
455 1361 487 1425 et
506 1363 637 1444 pauperi
665 1381 726 1426 non
752 1363 968 1445 porrigebant:
999 1363 1031 1428 et
1059 1363 1201 1428 eleuatae
1231 1366 1304 1430 sunit

182 1467 215 1531 et
235 1465 377 1530 fecerunt
405 1465 651 1531 abominationes
679 1483 786 1530 coram
814 1487 874 1532 me.
921 1469 954 1532 et
982 1466 1097 1533 abstuli
1128 1485 1192 1544 eas,
1221 1467 1304 1532 sicut

140 1569 299 1643 miridisti.
343 1568 390 1633 Et
416 1569 505 1651 post
526 1569 745 1652 paululum:
768 1570 825 1636 Vir
848 1573 875 1636 si
897 1571 991 1636 fuerit
1012 1570 1115 1636 iustus
1138 1573 1170 1635 et
1191 1571 1303 1636 feccrit

180 1673 333 1737 indicium
356 1672 388 1736 et
408 1671 573 1750 iustitiam,
598 1674 631 1738 in
658 1673 816 1740 montibus
845 1693 906 1740 non
935 1673 1109 1740 comederit
1136 1674 1168 1737 et
1196 1673 1303 1738 oculos

181 1793 242 1840 non
262 1774 420 1840 leuauerit
443 1774 484 1838 ad
505 1775 591 1840 idola
614 1776 725 1841 domus
746 1777 869 1842 Israhel
898 1777 930 1842 et
951 1795 1078 1842 uxorem
1100 1777 1231 1858 proximi
1254 1776 1303 1840 sui

180 1899 241 1944 non
263 1879 431 1944 uiolauerit
453 1878 486 1943 et
503 1878 543 1942 ad
565 1879 731 1944 mulierem
751 1881 980 1945 menstruatam
1003 1897 1063 1944 non
1079 1878 1249 1944 accesserit
1272 1879 1304 1942 et

179 1982 337 2048 hominem
364 2001 425 2048 nou
457 1980 700 2058 contristauerit,
729 1981 843 2063 pignus
873 1980 1007 2047 debitori
1034 1979 1218 2057 reddiderit,
1247 1997 1304 2061 per

138 2103 167 2143 1⁵
181 2085 246 2149 uim
267 2085 345 2150 nihil
365 2084 515 2167 rapuerit,
543 2102 658 2165 panem
680 2101 772 2149 suum
795 2084 944 2150 esurienti
974 2083 1097 2148 dederit
1126 2082 1164 2146 et¹
1185 2082 1303 2146 nudum

181 2188 337 2270 operuerit
350 2188 549 2264 uestimento,
572 2187 614 2252 ad
635 2205 764 2252 usuram
779 2205 840 2252 non
855 2186 1104 2254 commodauerit
1120 2187 1152 2250 et
1168 2185 1302 2267 amplius

180 2308 240 2356 non
263 2291 429 2372 acceperit,
461 2291 501 2355 ab
522 2290 687 2372 iniquitate
710 2290 861 2354 auerterit
881 2307 1009 2356 manum
1032 2307 1132 2365 suam,
1151 2288 1304 2354 iudicium

180 2411 290 2458 uemm
311 2392 421 2458 fecerit
442 2392 524 2457 inter
547 2393 649 2458 uirum
672 2394 705 2458 et
719 2395 832 2470 ubam,
855 2393 886 2457 in
905 2391 1080 2474 praeceptis
1095 2390 1174 2456 meis
1191 2391 1303 2456 ambu-

179 2496 294 2561 lauerit
322 2497 354 2560 et
382 2495 501 2560 iudicia
528 2515 601 2560 mea
627 2496 829 2572 custodierit,
858 2494 894 2559 ut
921 2494 1017 2560 faciat
1044 2495 1221 2570 ueritatem,
1251 2493 1302 2558 hic

138 2614 167 2655 ²⁰
180 2600 281 2665 iustus
305 2599 369 2664 est:
385 2597 470 2667 ,uita
499 2597 597 2675 uiuet,
626 2599 671 2662 ait
699 2598 843 2664 dominus
872 2596 960 2662 deus.
1005 2596 1089 2680 quod
1111 2597 1138 2661 si
1159 2595 1304 2679 genuerit

180 2702 280 2767 filium
294 2702 449 2766 latronem
465 2701 498 2765 et
520 2701 729 2766 effimdentem
751 2700 936 2784 sanguinem
959 2699 1122 2778 adiecerit
1145 2717 1241 2763 onum
1265 2697 1303 2762 de

179 2804 260 2883 istis,
284 2804 316 2869 et
336 2805 415 2868 baec
438 2803 566 2885 quidem
588 2805 691 2870 omnia
713 2823 775 2868 non
797 2802 976 2881 facientem,
1008 2801 1064 2867 eod
1091 2801 1122 2866 in
1144 2801 1303 2866 montibus

179 2907 398 2974 comedentem
427 2908 460 2972 et
488 2925 617 2972 uxorem
644 2907 776 2990 proximi
805 2907 854 2972 sui
881 2905 1083 2989 polluentem,
1116 2921 1250 2987 egenum
1273 2903 1305 2968 et

179 3028 350 3093 pauperem
370 3010 619 3090 contristantem,
640 3012 817 3094 rapientem
838 3011 974 3093 rapinas,
1002 3009 1116 3091 pignus
1144 3026 1205 3072 uon
1227 3005 1303 3072 red-

139 3125 168 3166 ns
182 3110 307 3178 dentem
341 3114 374 3178 et
406 3111 447 3177 ad
475 3112 562 3178 idola
588 3114 748 3178 leuantem
775 3113 885 3178 oculos
913 3129 1004 3190 suos,
1039 3110 1302 3177 abominationem

180 3214 357 3295 facientem,
381 3214 422 3281 ad
443 3235 571 3282 usuram
594 3217 722 3282 dantem
743 3216 777 3281 et
799 3215 933 3298 amplius
956 3213 1178 3297 accipientem:
1208 3231 1302 3278 nnm-

281 3452 472 3518 adulata
540 3453 620 3509 elta.
639 3454 680 3518 16,
698 3454 829 3508 recreo
899 3453 994 3508 10111.
1013 3453 1055 3517 18,
1074 3451 1159 3505 5-32

233 3661 247 3713 1
266 3661 363 3731 autem]
381 3677 445 3715 rum
463 3661 498 3716 P¹
568 3677 621 3716 rau
639 3661 684 3716 Pa
703 3661 865 3729 (codrior.)
935 3658 1140 3714 neaerae?
1208 3657 1225 3710 2
1243 3663 1306 3726 potr

180 3745 269 3814 aliqua
285 3746 314 3801 R
403 3744 420 3798 8
437 3743 528 3800 fecrm
546 3744 569 3800 S
657 3744 857 3800 tconiortarrr
876 3743 907 3798 Β]
932 3779 935 3785 ,
998 3759 1155 3798 reuertatur
1172 3742 1237 3797 P¹1a

179 3833 487 3904 bitemlom.MPGR
571 3832 704 3902 ahquaR
790 3832 941 3902 eccelmc
1030 3828 1240 3884 diremerat*

181 3935 215 3989 10
231 3935 309 4004 paulo
325 3941 390 4005 potr
406 3935 435 3991 R
530 3935 606 4004 pauit
623 3935 688 3999 ΜΟ,
706 3907 754 4004 pud
771 3935 806 3999 P,
824 3933 956 4004 paniolum
980 3933 1011 3987 8¹
1080 3931 1111 3985 11
1130 3929 1305 3986 commodem

181 4021 282 4077 MP¹R
372 4020 461 4076 oculei
474 4025 533 4077 ruci
548 4021 602 4076 P¹e
683 4021 715 4074 12
732 4021 868 4074 lauauerrt
885 4019 923 4074 Μ
998 4019 1031 4071 14
1047 4018 1102 4087 per]
1119 4023 1184 4085 potr
1202 4016 1239 4072 Ρι

180 4107 214 4161 15
232 4107 268 4176 et]
286 4123 338 4163 om.
350 4108 378 4162 P
446 4105 477 4160 17
490 4122 621 4176 accipent
632 4107 670 4160 M
736 4107 769 4160 19
785 4105 829 4159 hnc
845 4109 920 4160 nutrit
939 4110 953 4158 d
970 4105 1009 4158 Μ
1074 4102 1108 4156 20
1125 4116 1205 4156 muer
1222 4119 1255 4157 er
1272 4107 1307 4158 nd

180 4195 350 4249 monermlc
418 4193 450 4247 21
470 4195 498 4247 et
511 4209 557 4262 pr.
576 4209 627 4248 om.
647 4193 686 4247 aa
754 4190 922 4247 effudenrem
943 4191 979 4245 Ρ1
1056 4189 1154 4244 fecetur
1179 4188 1304 4244 mdiorum

180 4280 218 4334 P¹
297 4279 332 4332 22
348 4279 526 4349 heceloni?
593 4277 852 4332 23commedcnrem
864 4277 936 4331 MP¹
1006 4276 1120 4346 timor}
1134 4291 1184 4332 ora.
1198 4276 1238 4330 P·

180 4365 390 4419 abominationes
408 4383 426 4418 a
494 4365 529 4420 16
545 4363 671 4433 numqmd
688 4380 740 4418 non
758 4369 820 4432 (non
834 4363 1011 4432 perductam)
1029 4364 1058 4419 P
