3159 4967
248 437 315 503 460
472 435 519 488 lle
537 434 663 489 diuinis
682 433 862 503 seripturis
881 435 952 490 siue
970 431 1151 504 Speculum.

249 644 352 690 cum:
382 624 489 688 Iustus
519 604 625 688 autem
648 640 686 685 er
707 621 770 686 lide
791 641 865 687 mea
888 622 982 687 uiuit:
1014 622 1073 688 sibi
1103 623 1230 705 placens
1254 621 1372 697 autem,

250 727 445 810 contemptor
469 735 501 790 et
522 728 573 790 uir
593 727 746 808 superbus
779 725 858 791 nihil
891 725 1042 808 proficiet.
1088 726 1191 791 Item
1210 724 1253 788 in
1281 722 1373 788 dau·-

248 829 484 896 teronomio:
518 827 561 894 ae
589 829 689 893 omnis
725 829 913 912 quicumque
947 829 1058 894 iecerit
1089 829 1121 892 in
1152 825 1308 910 superbia,
1333 827 1375 888 ιιι

249 952 309 999 non
332 931 481 998 exaudiet
503 929 701 997 sacerdotem
723 932 778 1014 qui
795 931 901 997 adstat
922 932 1099 997 ministare
1121 931 1153 995 in
1176 930 1299 995 nomine
1322 921 1373 992 dei

250 1035 308 1113 sui,
341 1035 400 1099 aut
429 1035 552 1124 indices
584 1035 637 1118 qui
668 1035 784 1101 fuerint
811 1036 842 1100 in
872 1034 983 1101 diebus
1010 1033 1373 1113 discretissimus
1400 1054 1416 1095 c

249 1137 313 1217 ille,
344 1139 377 1202 et
407 1137 555 1204 auferetis
584 1138 703 1202 malum
734 1157 773 1202 er
800 1138 933 1203 israhel:
969 1140 1000 1202 et
1022 1138 1122 1204 omnis
1143 1136 1277 1220 populus
1300 1153 1372 1200 oum

250 1238 394 1316 audierit,
427 1239 554 1304 timebit
584 1239 616 1304 et
645 1257 705 1303 non
734 1237 832 1302 iaciat
860 1238 1054 1303 iniustitiam.
1099 1239 1200 1304 Item
1227 1241 1266 1303 in
1287 1238 1372 1302 iob:

248 1341 290 1406 nt
316 1343 390 1424 quie
413 1342 484 1408 anni
507 1340 696 1407 dinumerati
718 1343 792 1406 sunt
814 1341 989 1424 superbiae,
1013 1343 1045 1406 et
1067 1341 1112 1407 sic
1135 1343 1208 1408 sunt
1230 1339 1374 1424 dispositi

247 1446 280 1509 in
311 1464 402 1510 aures
433 1445 566 1511 domini:
597 1445 724 1510 etcum
746 1441 938 1510 uidebuntur
958 1443 1131 1526 pacificari,
1162 1443 1289 1510 eueniet
1308 1443 1373 1508 illis

250 1547 380 1613 euereio.
419 1549 493 1631 quia
522 1547 575 1631 qui
603 1547 635 1611 in
666 1547 738 1611 altis
760 1547 893 1625 habitat,
918 1547 1007 1611 uidet
1026 1547 1171 1612 iniuriam
1193 1547 1371 1624 facientem,
1387 1573 1417 1613 ro

249 1651 282 1715 et
310 1651 458 1716 humiliat
486 1651 645 1734 superbos.
685 1651 782 1714 Item
809 1649 906 1715 tobi:
935 1649 1066 1732 Propter
1087 1649 1171 1732 quod
1194 1649 1227 1714 et
1246 1650 1292 1727 tu,
1315 1647 1372 1727 dii,

249 1751 346 1837 dilige
367 1753 481 1818 danes
508 1755 591 1831 tuos,
621 1754 652 1817 et
673 1754 737 1818 noli
760 1753 894 1836 superbo
917 1753 1012 1818 corde
1036 1771 1129 1836 agere
1151 1771 1224 1817 oum
1246 1753 1372 1819 fidenas

246 1855 384 1920 tiliarum
415 1856 521 1939 populi
549 1856 612 1920 tui:
644 1875 701 1921 nec
732 1855 871 1939 accipias
894 1873 1084 1938 quemquam
1108 1873 1146 1921 er
1168 1855 1217 1920 his
1237 1855 1270 1919 in
1293 1855 1371 1920 sub-

245 1958 380 2023 iectione
410 1978 507 2024 causa
534 1959 658 2041 inopiae
690 1960 723 2024 et
751 1959 969 2024 necessitatis:
1001 1959 1148 2041 qnoniam
1169 1959 1202 2022 in
1226 1957 1372 2040 superbia

205 2059 210 2096 ²
247 2059 387 2125 abundat
418 2051 568 2144 perditio
585 2063 618 2127 et
650 2059 837 2128 infidelitas:
870 2079 928 2126 nec
970 2061 1117 2127 consistit
1156 2059 1278 2126 fortiter
1318 2061 1370 2124 cni
1386 2085 1412 2124 u

247 2162 373 2245 gradus·
387 2163 419 2227 in
458 2163 560 2230 abelis
581 2164 704 2247 ligitur:
728 2167 803 2248 quia
825 2163 945 2230 fruetus
965 2163 1163 2230 stellionatus
1179 2162 1371 2228 decoloratio

193 2393 218 2434 α
249 2373 289 2435 Ιιι
320 2373 489 2434 ambacuc
521 2391 603 2449 cap„
705 2393 712 2432 :
744 2374 843 2434 Iustam
877 2377 969 2434 autmn
1002 2391 1036 2434 ax
1061 2371 1207 2434 lide-mea
1236 2374 1294 2433 uit:
1327 2371 1373 2432 uir

250 2461 388 2534 superbae
419 2457 494 2518 nibil
525 2459 661 2534 proficiat.
705 2459 746 2518 In
773 2459 1041 2518 deuteronomio
1069 2476 1141 2534 cap.
1230 2478 1237 2517 τ
1272 2459 1372 2518 Omnis

248 2546 415 2620 quicumque
442 2544 541 2603 fecerit
570 2543 702 2620 snperbia
730 2547 762 2602 ιιι
789 2560 845 2603 non
873 2544 1005 2603 exaudiat
1026 2545 1207 2604 sacerdotem.
1251 2545 1291 2604 In
1313 2545 1371 2604 iob

208 2679 221 2691 ,.
246 2647 321 2706 cap.
411 2649 419 2687 :
451 2629 490 2688 Et
522 2631 571 2704 qai
604 2630 671 2690 anni
699 2630 868 2689 demorati
897 2631 972 2693 sunt.
1016 2630 1057 2690 In
1087 2631 1165 2690 tobi
1199 2648 1273 2706 cap.
1364 2648 1412 2688 :eo

246 2717 365 2792 Propter
394 2713 477 2792 qnod,
507 2715 570 2787 filii,
600 2715 687 2790 dilige
715 2716 818 2776 lratms
846 2717 910 2775 tuos
939 2733 1053 2790 usque
1075 2718 1104 2774 et
1125 2714 1273 2776 diminutio
1294 2716 1372 2777 uitas

194 2927 218 2985 μ
246 2906 276 2963 et
308 2903 407 2964 domus
437 2903 501 2962 eius
534 2903 589 2962 odi.
633 2904 673 2962 In
695 2904 864 2962 ambacuc
886 2920 959 2978 cap.
1049 2923 1055 2962 :
1088 2905 1187 2963 Iustus
1217 2906 1310 2964 antem
1341 2905 1372 2964 in

245 2989 301 3051 fide
323 3005 376 3048 soa
396 2988 476 3048 uiuet
496 3005 611 3063 usque
638 2989 683 3046 uir
705 2989 843 3063 superbm
867 2991 895 3046 et
917 3005 973 3050 nou
994 2989 1179 3049 decorabitur.
1220 2990 1262 3048 In
1291 2990 1370 3050 deu-

246 3074 445 3134 teronomio
468 3091 540 3148 cap.
563 3075 604 3132 X:
626 3075 687 3147 Qui,
704 3076 798 3134 auam
820 3075 988 3148 superbierit
1009 3075 1106 3134 notens
1130 3075 1261 3134 obaudire
1277 3092 1368 3135 saeer-

247 3159 322 3222 dotis
343 3159 459 3234 imperio
481 3177 594 3234 nsque
615 3162 650 3218 ιιι
662 3159 757 3219 nullus
771 3160 903 3234 deinceps
919 3161 1089 3220 intumescat
1103 3161 1244 3234 superbia.
1281 3161 1370 3220 Item
1383 3181 1410 3222 ao

246 3245 283 3304 in
303 3245 379 3304 tobi
401 3262 475 3319 cap.
576 3265 583 3302 ι
606 3245 772 3320 superbiam
795 3262 947 3320 numquam
969 3246 998 3304 in
1020 3248 1068 3305 tuo
1088 3263 1174 3306 sensu
1196 3246 1245 3306 aut
1268 3247 1299 3306 in
1320 3249 1369 3306 tuo

247 3331 333 3388 uerbo
363 3329 500 3389 dominari
527 3331 675 3405 permittas
704 3347 817 3405 usqne
847 3331 959 3391 initium
982 3331 1104 3405 sumpsit
1126 3332 1216 3390 omnis
1238 3331 1368 3407 perditio.

348 3528 486 3584 ldbbaa
508 3529 672 3593 aleas
765 3529 1107 3594 ebertramnus
1208 3530 1304 3586 elon.
1327 3531 1369 3596 15,

244 3615 325 3669 20οι
341 3615 372 3668 21
479 3615 509 3669 ll
529 3614 591 3670 rob.
610 3616 636 3679 4,
656 3616 688 3669 13
704 3615 747 3684 (ef.
766 3633 791 3684 p.
809 3615 868 3680 371,
887 3615 914 3683 8)
1017 3615 1051 3669 26
1069 3615 1132 3672 roo.
1151 3617 1177 3684 4,
1195 3618 1228 3672 14

295 3805 317 3859 2-
329 3805 552 3862 deuteronomium
570 3804 627 3859 110
713 3805 776 3860 3et
794 3819 844 3860 om.
863 3805 952 3862 MLG
1035 3804 1064 3860 in
1081 3805 1209 3876 superem
1222 3805 1255 3860 S:
1281 3820 1369 3876 eriper-

245 3890 318 3946 biam
339 3890 428 3946 MEO
526 3893 558 3944 ut
579 3889 678 3945 Mac:
708 3892 754 3943 aut
778 3890 802 3944 S
900 3889 1036 3945 emetat
1056 3891 1089 3946 d:
1119 3889 1227 3946 adsistit
1247 3899 1311 3958 lase-
1338 3891 1369 3957 dl

245 3976 332 4031 Mac
432 3975 623 4032 cinerente
722 3975 872 4030 danfertis
895 3977 957 4032 ML
1058 3977 1271 4032 deicerent&
1301 3977 1372 4032 mant

245 4062 335 4118 MLO
435 4062 452 4114 9
473 4063 565 4116 ueniet
585 4061 672 4116 MLO
773 4061 805 4116 ll
829 4065 857 4116 et
878 4064 910 4116 tu
932 4079 983 4118 (aa⁴
1006 4063 1096 4118 MEO
1202 4061 1234 4116 18
1255 4063 1374 4132 accipies

246 4149 308 4209 ML
410 4149 444 4202 15
466 4148 585 4204 abundat
607 4150 656 4204 M:
685 4148 824 4204 habundat
847 4150 921 4206 SLO
1029 4151 1061 4204 16
1083 4150 1182 4206 tabulis
1207 4151 1241 4206 S:
1268 4150 1370 4206 talibus

245 4235 334 4291 HLO
434 4233 534 4289 finctus
555 4251 607 4290 osa.
633 4235 657 4290 0
758 4235 919 4292 sa'llionatus
943 4236 976 4305 S,
1006 4237 1162 4292 cononatus
1186 4237 1260 4301 ML,
1290 4237 1369 4294 stelio

244 4359 323 4410 natus
342 4359 407 4424 (pro
425 4369 439 4408 e
456 4373 490 4410 m.
509 4359 529 4410 2
546 4373 568 4411 e.
587 4357 603 4410 1.
619 4371 680 4424 poe.
698 4357 717 4422 i)
735 4356 759 4411 0
860 4322 1038 4413 describatis&
