<?xml version="1.0" encoding="UTF-8"?>
<!DOCTYPE html PUBLIC "-//W3C//DTD XHTML 1.0 Transitional//EN"
    "http://www.w3.org/TR/xhtml1/DTD/xhtml1-transitional.dtd">
<html xmlns="http://www.w3.org/1999/xhtml" xml:lang="en" lang="en">
 <head>
  <title>
</title>
<meta http-equiv="Content-Type" content="text/html;charset=utf-8" />
  <meta name='ocr-system' content='tesseract 3.04.00' />
  <meta name='ocr-capabilities' content='ocr_page ocr_carea ocr_par ocr_line ocrx_word'/>
</head>
<body>
  <div class='ocr_page' id='page_1' title='image "./corpusscriptoru19wissgoog_0413.png"; bbox 0 0 3159 4967; ppageno 0'>
   <div class='ocr_carea' id='block_1_1' title="bbox 431 434 1334 505">
    <p class='ocr_par' dir='ltr' id='par_1_1' title="bbox 431 434 1334 505">
     <span class='ocr_line' id='line_1_1' title="bbox 431 434 1334 505; baseline 0 -14"><span class='ocrx_word' id='word_1_1' title='bbox 431 436 478 491; x_wconf 82' lang='lat' dir='ltr'>De</span> <span class='ocrx_word' id='word_1_2' title='bbox 496 434 621 490; x_wconf 84' lang='lat' dir='ltr'>diuinis</span> <span class='ocrx_word' id='word_1_3' title='bbox 640 434 819 505; x_wconf 83' lang='lat' dir='ltr'>seripturis</span> <span class='ocrx_word' id='word_1_4' title='bbox 837 435 908 490; x_wconf 85' lang='lat' dir='ltr'>siue</span> <span class='ocrx_word' id='word_1_5' title='bbox 925 434 1106 504; x_wconf 82' lang='lat' dir='ltr'>Speculum.</span> <span class='ocrx_word' id='word_1_6' title='bbox 1270 438 1334 505; x_wconf 82' lang='lat'>353</span> 
     </span>
    </p>
   </div>
   <div class='ocr_carea' id='block_1_2' title="bbox 168 623 1335 1843">
    <p class='ocr_par' dir='ltr' id='par_1_2' title="bbox 179 623 1335 1532">
     <span class='ocr_line' id='line_1_2' title="bbox 205 623 1332 708; baseline -0.001 -17"><span class='ocrx_word' id='word_1_7' title='bbox 205 625 448 708; x_wconf 85' lang='lat' dir='ltr'>sapientiae:</span> <span class='ocrx_word' id='word_1_8' title='bbox 483 623 619 689; x_wconf 86' lang='lat' dir='ltr'>Sanetus</span> <span class='ocrx_word' id='word_1_9' title='bbox 653 624 703 689; x_wconf 89' lang='lat' dir='ltr'>est</span> <span class='ocrx_word' id='word_1_10' title='bbox 736 624 818 688; x_wconf 92' lang='lat' dir='ltr'>enirn</span> <span class='ocrx_word' id='word_1_11' title='bbox 856 624 984 707; x_wconf 89' lang='lat' dir='ltr'>spiritus</span> <span class='ocrx_word' id='word_1_12' title='bbox 1017 624 1190 706; x_wconf 76' lang='lat' dir='ltr'>sapientiae</span> <span class='ocrx_word' id='word_1_13' title='bbox 1214 625 1246 689; x_wconf 90' lang='lat' dir='ltr'>et</span> <span class='ocrx_word' id='word_1_14' title='bbox 1272 644 1332 690; x_wconf 93' lang='lat' dir='ltr'>nou</span> 
     </span>
     <span class='ocr_line' id='line_1_3' title="bbox 204 725 1333 808; baseline -0.001 -15"><span class='ocrx_word' id='word_1_15' title='bbox 204 728 353 793; x_wconf 78' lang='lat' dir='ltr'>liberabit</span> <span class='ocrx_word' id='word_1_16' title='bbox 384 726 591 791; x_wconf 83' lang='lat' dir='ltr'>maledictum</span> <span class='ocrx_word' id='word_1_17' title='bbox 620 744 639 789; x_wconf 91' lang='lat' dir='ltr'>a</span> <span class='ocrx_word' id='word_1_18' title='bbox 665 725 760 790; x_wconf 86' lang='lat' dir='ltr'>labiis</span> <span class='ocrx_word' id='word_1_19' title='bbox 793 725 874 791; x_wconf 89' lang='lat' dir='ltr'>suis:</span> <span class='ocrx_word' id='word_1_20' title='bbox 910 725 1058 808; x_wconf 85' lang='lat' dir='ltr'>quoniam</span> <span class='ocrx_word' id='word_1_21' title='bbox 1091 726 1214 792; x_wconf 88' lang='lat' dir='ltr'>renium</span> <span class='ocrx_word' id='word_1_22' title='bbox 1246 727 1333 792; x_wconf 90' lang='lat' dir='ltr'>illius</span> 
     </span>
     <span class='ocr_line' id='line_1_4' title="bbox 205 827 1333 913; baseline 0.001 -19"><span class='ocrx_word' id='word_1_23' title='bbox 205 830 297 896; x_wconf 87' lang='lat' dir='ltr'>testis</span> <span class='ocrx_word' id='word_1_24' title='bbox 321 830 371 895; x_wconf 89' lang='lat' dir='ltr'>est</span> <span class='ocrx_word' id='word_1_25' title='bbox 393 829 482 910; x_wconf 84' lang='lat' dir='ltr'>deus,</span> <span class='ocrx_word' id='word_1_26' title='bbox 506 828 538 894; x_wconf 89' lang='lat' dir='ltr'>et</span> <span class='ocrx_word' id='word_1_27' title='bbox 553 828 657 895; x_wconf 83' lang='lat' dir='ltr'>cordis</span> <span class='ocrx_word' id='word_1_28' title='bbox 679 828 765 893; x_wconf 89' lang='lat' dir='ltr'>illius</span> <span class='ocrx_word' id='word_1_29' title='bbox 788 828 969 911; x_wconf 76' lang='lat' dir='ltr'>speculator</span> <span class='ocrx_word' id='word_1_30' title='bbox 985 827 1034 894; x_wconf 88' lang='lat' dir='ltr'>est</span> <span class='ocrx_word' id='word_1_31' title='bbox 1048 847 1143 894; x_wconf 88' lang='lat' dir='ltr'>uerus</span> <span class='ocrx_word' id='word_1_32' title='bbox 1159 829 1333 913; x_wconf 84' lang='lat' dir='ltr'>etlinguee</span> 
     </span>
     <span class='ocr_line' id='line_1_5' title="bbox 205 930 1332 1015; baseline -0.001 -17"><span class='ocrx_word' id='word_1_33' title='bbox 205 933 291 1001; x_wconf 89' lang='lat' dir='ltr'>illius</span> <span class='ocrx_word' id='word_1_34' title='bbox 322 933 460 1000; x_wconf 84' lang='lat' dir='ltr'>auditor:</span> <span class='ocrx_word' id='word_1_35' title='bbox 492 932 567 1015; x_wconf 89' lang='lat' dir='ltr'>quia</span> <span class='ocrx_word' id='word_1_36' title='bbox 588 931 717 1014; x_wconf 86' lang='lat' dir='ltr'>spiritus</span> <span class='ocrx_word' id='word_1_37' title='bbox 740 930 859 997; x_wconf 90' lang='lat' dir='ltr'>domini</span> <span class='ocrx_word' id='word_1_38' title='bbox 880 931 1015 1013; x_wconf 89' lang='lat' dir='ltr'>repleuit</span> <span class='ocrx_word' id='word_1_39' title='bbox 1037 933 1144 997; x_wconf 87' lang='lat' dir='ltr'>orbern</span> <span class='ocrx_word' id='word_1_40' title='bbox 1166 933 1332 999; x_wconf 85' lang='lat' dir='ltr'>terrarum.</span> 
     </span>
     <span class='ocr_line' id='line_1_6' title="bbox 179 1033 1334 1117; baseline 0 -16"><span class='ocrx_word' id='word_1_41' title='bbox 179 1035 310 1102; x_wconf 74' lang='lat' dir='ltr'>sltem</span> <span class='ocrx_word' id='word_1_42' title='bbox 332 1037 370 1100; x_wconf 94' lang='lat' dir='ltr'>iu</span> <span class='ocrx_word' id='word_1_43' title='bbox 393 1034 506 1101; x_wconf 86' lang='lat' dir='ltr'>esaia</span> <span class='ocrx_word' id='word_1_44' title='bbox 519 1033 732 1117; x_wconf 88' lang='lat' dir='ltr'>propheta:</span> <span class='ocrx_word' id='word_1_45' title='bbox 750 1034 885 1100; x_wconf 83' lang='lat' dir='ltr'>Sanetus</span> <span class='ocrx_word' id='word_1_46' title='bbox 901 1035 1029 1099; x_wconf 86' lang='lat' dir='ltr'>sanetus</span> <span class='ocrx_word' id='word_1_47' title='bbox 1044 1036 1173 1102; x_wconf 86' lang='lat' dir='ltr'>sanetus</span> <span class='ocrx_word' id='word_1_48' title='bbox 1190 1036 1334 1102; x_wconf 77' lang='lat' dir='ltr'>domium</span> 
     </span>
     <span class='ocr_line' id='line_1_7' title="bbox 207 1137 1335 1221; baseline 0 -16"><span class='ocrx_word' id='word_1_49' title='bbox 207 1141 359 1206; x_wconf 87' lang='lat' dir='ltr'>sabaoth:</span> <span class='ocrx_word' id='word_1_50' title='bbox 381 1138 466 1221; x_wconf 91' lang='lat' dir='ltr'>pleni</span> <span class='ocrx_word' id='word_1_51' title='bbox 489 1138 562 1203; x_wconf 88' lang='lat' dir='ltr'>sunt</span> <span class='ocrx_word' id='word_1_52' title='bbox 584 1138 666 1203; x_wconf 83' lang='lat' dir='ltr'>eseli</span> <span class='ocrx_word' id='word_1_53' title='bbox 683 1137 714 1203; x_wconf 89' lang='lat' dir='ltr'>et</span> <span class='ocrx_word' id='word_1_54' title='bbox 731 1139 832 1203; x_wconf 92' lang='lat' dir='ltr'>omnis</span> <span class='ocrx_word' id='word_1_55' title='bbox 847 1139 932 1202; x_wconf 87' lang='lat' dir='ltr'>terra</span> <span class='ocrx_word' id='word_1_56' title='bbox 947 1138 1114 1203; x_wconf 86' lang='lat' dir='ltr'>maiestate</span> <span class='ocrx_word' id='word_1_57' title='bbox 1131 1140 1207 1204; x_wconf 90' lang='lat' dir='ltr'>eius.</span> <span class='ocrx_word' id='word_1_58' title='bbox 1231 1140 1335 1205; x_wconf 83' lang='lat' dir='ltr'>Item</span> 
     </span>
     <span class='ocr_line' id='line_1_8' title="bbox 205 1239 1334 1323; baseline 0.001 -16"><span class='ocrx_word' id='word_1_59' title='bbox 205 1244 244 1307; x_wconf 93' lang='lat' dir='ltr'>iu</span> <span class='ocrx_word' id='word_1_60' title='bbox 276 1241 582 1309; x_wconf 81' lang='lat' dir='ltr'>eeclesiastico:</span> <span class='ocrx_word' id='word_1_61' title='bbox 615 1240 770 1323; x_wconf 87' lang='lat' dir='ltr'>Quoniam</span> <span class='ocrx_word' id='word_1_62' title='bbox 795 1241 897 1306; x_wconf 88' lang='lat' dir='ltr'>multa</span> <span class='ocrx_word' id='word_1_63' title='bbox 926 1239 1082 1323; x_wconf 85' lang='lat' dir='ltr'>sapientia</span> <span class='ocrx_word' id='word_1_64' title='bbox 1104 1239 1165 1320; x_wconf 85' lang='lat' dir='ltr'>dei,</span> <span class='ocrx_word' id='word_1_65' title='bbox 1189 1242 1278 1307; x_wconf 87' lang='lat' dir='ltr'>fortis</span> <span class='ocrx_word' id='word_1_66' title='bbox 1301 1244 1334 1308; x_wconf 92' lang='lat' dir='ltr'>in</span> 
     </span>
     <span class='ocr_line' id='line_1_9' title="bbox 206 1344 1335 1431; baseline -0.004 -16"><span class='ocrx_word' id='word_1_67' title='bbox 206 1347 355 1431; x_wconf 86' lang='lat' dir='ltr'>potentia,</span> <span class='ocrx_word' id='word_1_68' title='bbox 372 1344 485 1411; x_wconf 85' lang='lat' dir='ltr'>uidens</span> <span class='ocrx_word' id='word_1_69' title='bbox 496 1364 604 1411; x_wconf 89' lang='lat' dir='ltr'>omues</span> <span class='ocrx_word' id='word_1_70' title='bbox 627 1344 695 1409; x_wconf 92' lang='lat' dir='ltr'>siue</span> <span class='ocrx_word' id='word_1_71' title='bbox 705 1344 946 1409; x_wconf 88' lang='lat' dir='ltr'>intermissione.</span> <span class='ocrx_word' id='word_1_72' title='bbox 978 1344 1075 1408; x_wconf 89' lang='lat' dir='ltr'>Item</span> <span class='ocrx_word' id='word_1_73' title='bbox 1090 1344 1129 1409; x_wconf 90' lang='lat' dir='ltr'>in</span> <span class='ocrx_word' id='word_1_74' title='bbox 1144 1344 1335 1410; x_wconf 87' lang='lat' dir='ltr'>hieremia</span> 
     </span>
     <span class='ocr_line' id='line_1_10' title="bbox 206 1446 1335 1532; baseline -0.002 -18"><span class='ocrx_word' id='word_1_75' title='bbox 206 1449 415 1532; x_wconf 87' lang='lat' dir='ltr'>propheta:</span> <span class='ocrx_word' id='word_1_76' title='bbox 445 1448 531 1513; x_wconf 90' lang='lat' dir='ltr'>Deus</span> <span class='ocrx_word' id='word_1_77' title='bbox 562 1446 814 1531; x_wconf 84' lang='lat' dir='ltr'>adpropinquans</span> <span class='ocrx_word' id='word_1_78' title='bbox 837 1465 896 1530; x_wconf 85' lang='lat' dir='ltr'>ego</span> <span class='ocrx_word' id='word_1_79' title='bbox 918 1464 998 1526; x_wconf 91' lang='lat' dir='ltr'>sum,</span> <span class='ocrx_word' id='word_1_80' title='bbox 1022 1446 1101 1510; x_wconf 87' lang='lat' dir='ltr'>dioit</span> <span class='ocrx_word' id='word_1_81' title='bbox 1123 1446 1277 1527; x_wconf 83' lang='lat' dir='ltr'>dominus,</span> <span class='ocrx_word' id='word_1_82' title='bbox 1302 1449 1335 1512; x_wconf 90' lang='lat' dir='ltr'>et</span> 
     </span>
    </p>

    <p class='ocr_par' dir='ltr' id='par_1_3' title="bbox 168 1548 1334 1843">
     <span class='ocr_line' id='line_1_11' title="bbox 168 1548 1334 1635; baseline -0.002 -17"><span class='ocrx_word' id='word_1_83' title='bbox 168 1578 194 1618; x_wconf 83' lang='grc' dir='ltr'>ιο</span> <span class='ocrx_word' id='word_1_84' title='bbox 207 1574 268 1619; x_wconf 89' lang='lat' dir='ltr'>non</span> <span class='ocrx_word' id='word_1_85' title='bbox 298 1552 375 1618; x_wconf 88' lang='lat' dir='ltr'>deus</span> <span class='ocrx_word' id='word_1_86' title='bbox 406 1552 445 1618; x_wconf 88' lang='lat' dir='ltr'>de</span> <span class='ocrx_word' id='word_1_87' title='bbox 466 1553 646 1635; x_wconf 81' lang='lat' dir='ltr'>longinquo.</span> <span class='ocrx_word' id='word_1_88' title='bbox 686 1552 770 1634; x_wconf 92' lang='lat' dir='ltr'>quod</span> <span class='ocrx_word' id='word_1_89' title='bbox 793 1552 820 1618; x_wconf 86' lang='lat' dir='ltr'>si</span> <span class='ocrx_word' id='word_1_90' title='bbox 844 1550 1046 1617; x_wconf 79' lang='lat' dir='ltr'>absconditus</span> <span class='ocrx_word' id='word_1_91' title='bbox 1069 1548 1164 1614; x_wconf 76' lang='lat' dir='ltr'>uerit</span> <span class='ocrx_word' id='word_1_92' title='bbox 1186 1552 1279 1616; x_wconf 92' lang='lat' dir='ltr'>homo</span> <span class='ocrx_word' id='word_1_93' title='bbox 1300 1551 1334 1616; x_wconf 93' lang='lat' dir='ltr'>iu</span> 
     </span>
     <span class='ocr_line' id='line_1_12' title="bbox 209 1655 1334 1739; baseline -0.002 -18"><span class='ocrx_word' id='word_1_94' title='bbox 209 1656 334 1735; x_wconf 83' lang='lat' dir='ltr'>abditis,</span> <span class='ocrx_word' id='word_1_95' title='bbox 366 1674 423 1739; x_wconf 84' lang='lat' dir='ltr'>ego</span> <span class='ocrx_word' id='word_1_96' title='bbox 454 1676 526 1721; x_wconf 90' lang='lat' dir='ltr'>eum</span> <span class='ocrx_word' id='word_1_97' title='bbox 556 1676 616 1721; x_wconf 91' lang='lat' dir='ltr'>nou</span> <span class='ocrx_word' id='word_1_98' title='bbox 645 1656 783 1721; x_wconf 78' lang='lat' dir='ltr'>uidebo?</span> <span class='ocrx_word' id='word_1_99' title='bbox 810 1674 911 1721; x_wconf 90' lang='lat' dir='ltr'>nonne</span> <span class='ocrx_word' id='word_1_100' title='bbox 934 1655 1059 1720; x_wconf 84' lang='lat' dir='ltr'>eaelum</span> <span class='ocrx_word' id='word_1_101' title='bbox 1082 1656 1114 1719; x_wconf 86' lang='lat' dir='ltr'>et</span> <span class='ocrx_word' id='word_1_102' title='bbox 1134 1655 1251 1720; x_wconf 85' lang='lat' dir='ltr'>terram</span> <span class='ocrx_word' id='word_1_103' title='bbox 1276 1674 1334 1739; x_wconf 84' lang='lat' dir='ltr'>ego</span> 
     </span>
     <span class='ocr_line' id='line_1_13' title="bbox 206 1759 621 1843; baseline -0.005 -18"><span class='ocrx_word' id='word_1_104' title='bbox 206 1760 344 1843; x_wconf 81' lang='lat' dir='ltr'>impleo?</span> <span class='ocrx_word' id='word_1_105' title='bbox 368 1760 445 1824; x_wconf 82' lang='lat' dir='ltr'>dicit</span> <span class='ocrx_word' id='word_1_106' title='bbox 469 1759 621 1824; x_wconf 91' lang='lat' dir='ltr'>dominus.</span> 
     </span>
    </p>
   </div>
   <div class='ocr_carea' id='block_1_3' title="bbox 169 1976 1389 2394">
    <p class='ocr_par' dir='ltr' id='par_1_4' title="bbox 208 1976 1389 2139">
     <span class='ocr_line' id='line_1_14' title="bbox 208 1976 1389 2053; baseline 0.002 -17"><span class='ocrx_word' id='word_1_107' title='bbox 208 1995 283 2051; x_wconf 84' lang='lat' dir='ltr'>esp.</span> <span class='ocrx_word' id='word_1_108' title='bbox 377 1996 384 2034; x_wconf 74' lang='grc' dir='ltr'><strong><em>ε</em></strong></span> <span class='ocrx_word' id='word_1_109' title='bbox 418 1976 540 2035; x_wconf 85' lang='lat' dir='ltr'>Sanetus</span> <span class='ocrx_word' id='word_1_110' title='bbox 570 1979 615 2036; x_wconf 87' lang='lat' dir='ltr'>est</span> <span class='ocrx_word' id='word_1_111' title='bbox 644 1977 718 2037; x_wconf 89' lang='lat' dir='ltr'>euim</span> <span class='ocrx_word' id='word_1_112' title='bbox 748 1976 867 2051; x_wconf 87' lang='lat' dir='ltr'>spiritus</span> <span class='ocrx_word' id='word_1_113' title='bbox 895 1977 1052 2053; x_wconf 87' lang='lat' dir='ltr'>sapientiae</span> <span class='ocrx_word' id='word_1_114' title='bbox 1081 1996 1191 2053; x_wconf 89' lang='lat' dir='ltr'>usque</span> <span class='ocrx_word' id='word_1_115' title='bbox 1216 1978 1337 2053; x_wconf 90' lang='lat' dir='ltr'>repleuit</span> <span class='ocrx_word' id='word_1_116' title='bbox 1367 1999 1389 2039; x_wconf 86' lang='grc' dir='ltr'>α</span> 
     </span>
     <span class='ocr_line' id='line_1_15' title="bbox 208 2062 1336 2139; baseline 0.001 -18"><span class='ocrx_word' id='word_1_117' title='bbox 208 2064 302 2121; x_wconf 90' lang='lat' dir='ltr'>orbem</span> <span class='ocrx_word' id='word_1_118' title='bbox 330 2064 477 2121; x_wconf 85' lang='lat' dir='ltr'>terrarum.</span> <span class='ocrx_word' id='word_1_119' title='bbox 522 2062 563 2121; x_wconf 91' lang='lat' dir='ltr'>In</span> <span class='ocrx_word' id='word_1_120' title='bbox 592 2063 694 2123; x_wconf 88' lang='lat' dir='ltr'>esaia</span> <span class='ocrx_word' id='word_1_121' title='bbox 723 2080 796 2139; x_wconf 88' lang='lat' dir='ltr'>oap.</span> <span class='ocrx_word' id='word_1_122' title='bbox 891 2081 899 2119; x_wconf 73' lang='grc' dir='ltr'><strong>ε</strong></span> <span class='ocrx_word' id='word_1_123' title='bbox 934 2063 1056 2123; x_wconf 82' lang='lat' dir='ltr'>Sanetus</span> <span class='ocrx_word' id='word_1_124' title='bbox 1078 2066 1196 2123; x_wconf 88' lang='lat' dir='ltr'>sanetus</span> <span class='ocrx_word' id='word_1_125' title='bbox 1218 2066 1336 2124; x_wconf 90' lang='lat' dir='ltr'>sanctus</span> 
     </span>
    </p>

    <p class='ocr_par' dir='ltr' id='par_1_5' title="bbox 169 2144 1337 2394">
     <span class='ocr_line' id='line_1_16' title="bbox 169 2144 1337 2231; baseline 0.002 -25"><span class='ocrx_word' id='word_1_126' title='bbox 169 2149 336 2207; x_wconf 82' lang='lat' dir='ltr'>redomiuus</span> <span class='ocrx_word' id='word_1_127' title='bbox 366 2149 435 2207; x_wconf 87' lang='lat' dir='ltr'>deus</span> <span class='ocrx_word' id='word_1_128' title='bbox 464 2149 591 2207; x_wconf 66' lang='lat' dir='ltr'>sabaoth⁴</span> <span class='ocrx_word' id='word_1_129' title='bbox 635 2149 674 2207; x_wconf 92' lang='lat' dir='ltr'>Iu</span> <span class='ocrx_word' id='word_1_130' title='bbox 704 2148 964 2208; x_wconf 79' lang='lat' dir='ltr'>ecclesiastico</span> <span class='ocrx_word' id='word_1_131' title='bbox 989 2144 1163 2231; x_wconf 85' lang='lat' dir='ltr'>&lt;eooltioo&gt;:</span> <span class='ocrx_word' id='word_1_132' title='bbox 1198 2150 1337 2221; x_wconf 78' lang='lat' dir='ltr'>Quoniam</span> 
     </span>
     <span class='ocr_line' id='line_1_17' title="bbox 210 2228 1336 2315; baseline 0 -22"><span class='ocrx_word' id='word_1_133' title='bbox 210 2228 366 2315; x_wconf 86' lang='lat' dir='ltr'>&lt;quorum&gt;</span> <span class='ocrx_word' id='word_1_134' title='bbox 396 2233 487 2293; x_wconf 88' lang='lat' dir='ltr'>multa</span> <span class='ocrx_word' id='word_1_135' title='bbox 514 2233 656 2309; x_wconf 85' lang='lat' dir='ltr'>sapientia</span> <span class='ocrx_word' id='word_1_136' title='bbox 684 2233 729 2292; x_wconf 90' lang='lat' dir='ltr'>dei</span> <span class='ocrx_word' id='word_1_137' title='bbox 757 2233 850 2292; x_wconf 81' lang='lat' dir='ltr'>sortis.</span> <span class='ocrx_word' id='word_1_138' title='bbox 895 2233 935 2293; x_wconf 95' lang='lat' dir='ltr'>Iu</span> <span class='ocrx_word' id='word_1_139' title='bbox 961 2230 1139 2294; x_wconf 85' lang='lat' dir='ltr'>hieremia</span> <span class='ocrx_word' id='word_1_140' title='bbox 1159 2252 1233 2311; x_wconf 84' lang='lat' dir='ltr'>cap.</span> <span class='ocrx_word' id='word_1_141' title='bbox 1327 2253 1336 2293; x_wconf 78' lang='lat' dir='ltr'>t</span> 
     </span>
     <span class='ocr_line' id='line_1_18' title="bbox 207 2319 962 2394; baseline 0 -16"><span class='ocrx_word' id='word_1_142' title='bbox 207 2320 284 2379; x_wconf 88' lang='lat' dir='ltr'>Deus</span> <span class='ocrx_word' id='word_1_143' title='bbox 308 2320 537 2394; x_wconf 78' lang='lat' dir='ltr'>adpropinquans</span> <span class='ocrx_word' id='word_1_144' title='bbox 560 2336 614 2393; x_wconf 79' lang='lat' dir='ltr'>ego</span> <span class='ocrx_word' id='word_1_145' title='bbox 637 2336 709 2390; x_wconf 88' lang='lat' dir='ltr'>sum,</span> <span class='ocrx_word' id='word_1_146' title='bbox 732 2319 803 2377; x_wconf 87' lang='lat' dir='ltr'>dicit</span> <span class='ocrx_word' id='word_1_147' title='bbox 824 2319 962 2379; x_wconf 88' lang='lat' dir='ltr'>domiuus.</span> 
     </span>
    </p>
   </div>
   <div class='ocr_carea' id='block_1_4' title="bbox 166 2533 1390 3037">
    <p class='ocr_par' dir='ltr' id='par_1_6' title="bbox 208 2533 1390 2694">
     <span class='ocr_line' id='line_1_19' title="bbox 208 2533 1390 2611; baseline 0.001 -19"><span class='ocrx_word' id='word_1_148' title='bbox 208 2534 326 2608; x_wconf 87' lang='lat' dir='ltr'>spiritus</span> <span class='ocrx_word' id='word_1_149' title='bbox 360 2533 516 2609; x_wconf 87' lang='lat' dir='ltr'>sapientiae</span> <span class='ocrx_word' id='word_1_150' title='bbox 549 2548 664 2607; x_wconf 89' lang='lat' dir='ltr'>nsque</span> <span class='ocrx_word' id='word_1_151' title='bbox 697 2533 819 2609; x_wconf 88' lang='lat' dir='ltr'>repleuit</span> <span class='ocrx_word' id='word_1_152' title='bbox 850 2534 945 2592; x_wconf 89' lang='lat' dir='ltr'>orbem</span> <span class='ocrx_word' id='word_1_153' title='bbox 976 2535 1122 2593; x_wconf 88' lang='lat' dir='ltr'>terrarum.</span> <span class='ocrx_word' id='word_1_154' title='bbox 1165 2534 1207 2593; x_wconf 90' lang='lat' dir='ltr'>Iu</span> <span class='ocrx_word' id='word_1_155' title='bbox 1235 2535 1338 2593; x_wconf 87' lang='lat' dir='ltr'>esaia</span> <span class='ocrx_word' id='word_1_156' title='bbox 1365 2554 1390 2611; x_wconf 88' lang='grc' dir='ltr'><strong><em>μ</em></strong></span> 
     </span>
     <span class='ocr_line' id='line_1_20' title="bbox 208 2619 1338 2694; baseline 0.002 -17"><span class='ocrx_word' id='word_1_157' title='bbox 208 2636 280 2694; x_wconf 82' lang='lat' dir='ltr'>cap.</span> <span class='ocrx_word' id='word_1_158' title='bbox 373 2638 380 2677; x_wconf 91' lang='lat'><strong>:</strong></span> <span class='ocrx_word' id='word_1_159' title='bbox 404 2620 525 2679; x_wconf 85' lang='lat' dir='ltr'>Sanetus</span> <span class='ocrx_word' id='word_1_160' title='bbox 542 2620 658 2678; x_wconf 86' lang='lat' dir='ltr'>sanetus</span> <span class='ocrx_word' id='word_1_161' title='bbox 674 2622 790 2679; x_wconf 82' lang='lat' dir='ltr'>sanetus</span> <span class='ocrx_word' id='word_1_162' title='bbox 807 2619 937 2677; x_wconf 88' lang='lat' dir='ltr'>domiuus</span> <span class='ocrx_word' id='word_1_163' title='bbox 952 2619 1020 2677; x_wconf 90' lang='lat' dir='ltr'>deus</span> <span class='ocrx_word' id='word_1_164' title='bbox 1035 2620 1206 2679; x_wconf 81' lang='lat' dir='ltr'>exercituum</span> <span class='ocrx_word' id='word_1_165' title='bbox 1222 2637 1338 2693; x_wconf 84' lang='lat' dir='ltr'>usque</span> 
     </span>
    </p>

    <p class='ocr_par' dir='ltr' id='par_1_7' title="bbox 166 2698 1339 3037">
     <span class='ocr_line' id='line_1_21' title="bbox 166 2698 1339 2787; baseline 0.002 -24"><span class='ocrx_word' id='word_1_166' title='bbox 166 2722 195 2763; x_wconf 78' lang='lat' dir='ltr'>ao</span> <span class='ocrx_word' id='word_1_167' title='bbox 208 2706 300 2778; x_wconf 80' lang='lat' dir='ltr'>gloria</span> <span class='ocrx_word' id='word_1_168' title='bbox 313 2705 384 2764; x_wconf 91' lang='lat' dir='ltr'>eius.</span> <span class='ocrx_word' id='word_1_169' title='bbox 415 2706 458 2763; x_wconf 93' lang='lat' dir='ltr'>Iu</span> <span class='ocrx_word' id='word_1_170' title='bbox 473 2705 735 2765; x_wconf 82' lang='lat' dir='ltr'>eeclesiastico</span> <span class='ocrx_word' id='word_1_171' title='bbox 749 2698 862 2787; x_wconf 81' lang='lat' dir='ltr'>(eoelo)</span> <span class='ocrx_word' id='word_1_172' title='bbox 882 2722 955 2779; x_wconf 85' lang='lat' dir='ltr'>oap</span> <span class='ocrx_word' id='word_1_173' title='bbox 972 2703 1068 2763; x_wconf 80' lang='lat' dir='ltr'>vnn:</span> <span class='ocrx_word' id='word_1_174' title='bbox 1097 2705 1235 2775; x_wconf 80' lang='lat' dir='ltr'>Quoniam</span> <span class='ocrx_word' id='word_1_175' title='bbox 1248 2705 1339 2765; x_wconf 81' lang='lat' dir='ltr'>multa</span> 
     </span>
     <span class='ocr_line' id='line_1_22' title="bbox 208 2790 1339 2865; baseline 0 -16"><span class='ocrx_word' id='word_1_176' title='bbox 208 2791 349 2865; x_wconf 87' lang='lat' dir='ltr'>sapientia</span> <span class='ocrx_word' id='word_1_177' title='bbox 363 2791 407 2849; x_wconf 90' lang='lat' dir='ltr'>dei</span> <span class='ocrx_word' id='word_1_178' title='bbox 422 2807 536 2863; x_wconf 87' lang='lat' dir='ltr'>usque</span> <span class='ocrx_word' id='word_1_179' title='bbox 549 2790 651 2849; x_wconf 90' lang='lat' dir='ltr'>uidens</span> <span class='ocrx_word' id='word_1_180' title='bbox 666 2807 762 2851; x_wconf 90' lang='lat' dir='ltr'>omnes</span> <span class='ocrx_word' id='word_1_181' title='bbox 782 2792 844 2849; x_wconf 89' lang='lat' dir='ltr'>sine</span> <span class='ocrx_word' id='word_1_182' title='bbox 859 2790 1077 2849; x_wconf 85' lang='lat' dir='ltr'>intermissione.</span> <span class='ocrx_word' id='word_1_183' title='bbox 1109 2790 1151 2848; x_wconf 93' lang='lat' dir='ltr'>ln</span> <span class='ocrx_word' id='word_1_184' title='bbox 1164 2790 1339 2850; x_wconf 84' lang='lat' dir='ltr'>hieremia</span> 
     </span>
     <span class='ocr_line' id='line_1_23' title="bbox 208 2875 1338 2951; baseline 0.001 -16"><span class='ocrx_word' id='word_1_185' title='bbox 208 2894 279 2951; x_wconf 85' lang='lat' dir='ltr'>cap.</span> <span class='ocrx_word' id='word_1_186' title='bbox 376 2896 382 2933; x_wconf 91' lang='lat'><strong>:</strong></span> <span class='ocrx_word' id='word_1_187' title='bbox 405 2877 531 2935; x_wconf 84' lang='lat' dir='ltr'>Putasne</span> <span class='ocrx_word' id='word_1_188' title='bbox 553 2876 623 2935; x_wconf 88' lang='lat' dir='ltr'>deus</span> <span class='ocrx_word' id='word_1_189' title='bbox 645 2894 660 2935; x_wconf 91' lang='lat' dir='ltr'>e</span> <span class='ocrx_word' id='word_1_190' title='bbox 681 2877 776 2937; x_wconf 86' lang='lat' dir='ltr'>uioiuo</span> <span class='ocrx_word' id='word_1_191' title='bbox 798 2892 853 2950; x_wconf 75' lang='lat' dir='ltr'>ego</span> <span class='ocrx_word' id='word_1_192' title='bbox 874 2894 947 2947; x_wconf 89' lang='lat' dir='ltr'>sum,</span> <span class='ocrx_word' id='word_1_193' title='bbox 972 2875 1040 2935; x_wconf 84' lang='lat' dir='ltr'>dicit</span> <span class='ocrx_word' id='word_1_194' title='bbox 1062 2877 1202 2947; x_wconf 88' lang='lat' dir='ltr'>dominus,</span> <span class='ocrx_word' id='word_1_195' title='bbox 1224 2893 1338 2951; x_wconf 89' lang='lat' dir='ltr'>usque</span> 
     </span>
     <span class='ocr_line' id='line_1_24' title="bbox 207 2961 927 3037; baseline 0 -16"><span class='ocrx_word' id='word_1_196' title='bbox 207 2962 314 3021; x_wconf 84' lang='lat' dir='ltr'>eaelum</span> <span class='ocrx_word' id='word_1_197' title='bbox 337 2964 365 3021; x_wconf 92' lang='lat' dir='ltr'>et</span> <span class='ocrx_word' id='word_1_198' title='bbox 386 2964 489 3021; x_wconf 88' lang='lat' dir='ltr'>terram</span> <span class='ocrx_word' id='word_1_199' title='bbox 511 2978 564 3035; x_wconf 84' lang='lat' dir='ltr'>ego</span> <span class='ocrx_word' id='word_1_200' title='bbox 586 2961 697 3037; x_wconf 89' lang='lat' dir='ltr'>impleo,</span> <span class='ocrx_word' id='word_1_201' title='bbox 725 2963 766 3021; x_wconf 86' lang='lat' dir='ltr'>sit</span> <span class='ocrx_word' id='word_1_202' title='bbox 788 2962 927 3021; x_wconf 83' lang='lat' dir='ltr'>dominus.</span> 
     </span>
    </p>
   </div>
   <div class='ocr_carea' id='block_1_5' title="bbox 207 3179 1268 3331">
    <p class='ocr_par' dir='ltr' id='par_1_8' title="bbox 207 3179 1268 3331">
     <span class='ocr_line' id='line_1_25' title="bbox 310 3179 1268 3250; baseline 0 -17"><span class='ocrx_word' id='word_1_203' title='bbox 310 3182 324 3233; x_wconf 96' lang='lat' dir='ltr'>l</span> <span class='ocrx_word' id='word_1_204' title='bbox 344 3180 404 3249; x_wconf 83' lang='lat' dir='ltr'>Sap.</span> <span class='ocrx_word' id='word_1_205' title='bbox 424 3183 449 3245; x_wconf 90' lang='lat'>1,</span> <span class='ocrx_word' id='word_1_206' title='bbox 469 3180 540 3248; x_wconf 71' lang='grc'><strong>(516</strong></span> <span class='ocrx_word' id='word_1_207' title='bbox 559 3183 586 3235; x_wconf 89' lang='lat' dir='ltr'>et</span> <span class='ocrx_word' id='word_1_208' title='bbox 604 3181 619 3232; x_wconf 84' lang='lat'><strong>7</strong></span> <span class='ocrx_word' id='word_1_209' title='bbox 718 3180 735 3233; x_wconf 83' lang='lat'>5</span> <span class='ocrx_word' id='word_1_210' title='bbox 752 3180 796 3235; x_wconf 78' lang='lat' dir='ltr'>Es.</span> <span class='ocrx_word' id='word_1_211' title='bbox 815 3181 840 3249; x_wconf 85' lang='lat'>6,</span> <span class='ocrx_word' id='word_1_212' title='bbox 857 3179 874 3233; x_wconf 87' lang='lat'><strong>3</strong></span> <span class='ocrx_word' id='word_1_213' title='bbox 972 3180 1084 3235; x_wconf 72' lang='lat' dir='ltr'>illeoli</span> <span class='ocrx_word' id='word_1_214' title='bbox 1104 3180 1146 3248; x_wconf 78' lang='lat'>15,</span> <span class='ocrx_word' id='word_1_215' title='bbox 1164 3180 1198 3235; x_wconf 93' lang='grc'>18</span> <span class='ocrx_word' id='word_1_216' title='bbox 1215 3180 1268 3250; x_wconf 80' lang='grc'><strong>(19)</strong></span> 
     </span>
     <span class='ocr_line' id='line_1_26' title="bbox 207 3264 527 3331; baseline -0.009 -10"><span class='ocrx_word' id='word_1_217' title='bbox 207 3268 225 3321; x_wconf 85' lang='lat'>9</span> <span class='ocrx_word' id='word_1_218' title='bbox 242 3266 315 3321; x_wconf 90' lang='lat' dir='ltr'>Hier.</span> <span class='ocrx_word' id='word_1_219' title='bbox 333 3266 376 3331; x_wconf 84' lang='lat'>23,</span> <span class='ocrx_word' id='word_1_220' title='bbox 395 3264 429 3318; x_wconf 75' lang='grc'>23</span> <span class='ocrx_word' id='word_1_221' title='bbox 447 3268 475 3321; x_wconf 90' lang='lat' dir='ltr'>et</span> <span class='ocrx_word' id='word_1_222' title='bbox 492 3266 527 3319; x_wconf 76' lang='lat'>24</span> 
     </span>
    </p>
   </div>
   <div class='ocr_carea' id='block_1_6' title="bbox 261 3435 1273 3541">
    <p class='ocr_par' dir='ltr' id='par_1_9' title="bbox 261 3435 1273 3541">
     <span class='ocr_line' id='line_1_27' title="bbox 261 3435 1273 3541; baseline 0.002 -16"><span class='ocrx_word' id='word_1_223' title='bbox 261 3472 275 3525; x_wconf 89' lang='lat'>1</span> <span class='ocrx_word' id='word_1_224' title='bbox 298 3488 351 3527; x_wconf 87' lang='lat' dir='ltr'>om.</span> <span class='ocrx_word' id='word_1_225' title='bbox 372 3474 413 3526; x_wconf 88' lang='lat' dir='ltr'>est</span> <span class='ocrx_word' id='word_1_226' title='bbox 434 3472 485 3528; x_wconf 75' lang='lat' dir='ltr'>Va</span> <span class='ocrx_word' id='word_1_227' title='bbox 567 3435 804 3541; x_wconf 41' lang='lat' dir='ltr'>suffimen·</span> <span class='ocrx_word' id='word_1_228' title='bbox 825 3487 897 3527; x_wconf 67' lang='lat' dir='ltr'>coru</span> <span class='ocrx_word' id='word_1_229' title='bbox 909 3486 944 3525; x_wconf 80' lang='lat' dir='ltr'>ex</span> <span class='ocrx_word' id='word_1_230' title='bbox 955 3487 1041 3525; x_wconf 69' lang='lat' dir='ltr'>mrsu</span> <span class='ocrx_word' id='word_1_231' title='bbox 1054 3471 1152 3538; x_wconf 71' lang='lat' dir='ltr'>quinto</span> <span class='ocrx_word' id='word_1_232' title='bbox 1164 3475 1231 3527; x_wconf 78' lang='lat' dir='ltr'>nu2</span> <span class='ocrx_word' id='word_1_233' title='bbox 1247 3472 1273 3527; x_wconf 85' lang='lat' dir='ltr'><strong><em>V</em></strong></span> 
     </span>
    </p>
   </div>
   <div class='ocr_carea' id='block_1_7' title="bbox 207 3589 1341 4165">
    <p class='ocr_par' dir='ltr' id='par_1_10' title="bbox 207 3589 1341 3972">
     <span class='ocr_line' id='line_1_28' title="bbox 207 3589 1338 3659; baseline 0.001 -14"><span class='ocrx_word' id='word_1_234' title='bbox 207 3592 225 3645; x_wconf 75' lang='lat'><strong>2</strong></span> <span class='ocrx_word' id='word_1_235' title='bbox 251 3590 376 3647; x_wconf 87' lang='lat' dir='ltr'>liberauit</span> <span class='ocrx_word' id='word_1_236' title='bbox 402 3592 491 3647; x_wconf 70' lang='grc' dir='ltr'>ΜΠ</span> <span class='ocrx_word' id='word_1_237' title='bbox 594 3606 685 3644; x_wconf 90' lang='lat' dir='ltr'>renum</span> <span class='ocrx_word' id='word_1_238' title='bbox 704 3589 835 3646; x_wconf 84' lang='lat' dir='ltr'>MVLOr</span> <span class='ocrx_word' id='word_1_239' title='bbox 937 3591 992 3644; x_wconf 83' lang='lat' dir='ltr'>suis</span> <span class='ocrx_word' id='word_1_240' title='bbox 1011 3593 1045 3659; x_wconf 82' lang='lat' dir='ltr'>(a.</span> <span class='ocrx_word' id='word_1_241' title='bbox 1062 3590 1113 3643; x_wconf 71' lang='lat' dir='ltr'>lin.</span> <span class='ocrx_word' id='word_1_242' title='bbox 1130 3590 1198 3645; x_wconf 80' lang='lat' dir='ltr'>add.</span> <span class='ocrx_word' id='word_1_243' title='bbox 1217 3607 1236 3645; x_wconf 83' lang='lat' dir='ltr'><em>a</em></span> <span class='ocrx_word' id='word_1_244' title='bbox 1252 3608 1287 3645; x_wconf 76' lang='lat' dir='ltr'>m.</span> <span class='ocrx_word' id='word_1_245' title='bbox 1307 3592 1338 3659; x_wconf 78' lang='lat'>2)</span> 
     </span>
     <span class='ocr_line' id='line_1_29' title="bbox 209 3692 1341 3765; baseline 0 -16"><span class='ocrx_word' id='word_1_246' title='bbox 209 3696 236 3749; x_wconf 85' lang='lat' dir='ltr'><strong><em>L</em></strong></span> <span class='ocrx_word' id='word_1_247' title='bbox 339 3694 450 3749; x_wconf 77' lang='lat' dir='ltr'>lillius</span> <span class='ocrx_word' id='word_1_248' title='bbox 467 3699 534 3765; x_wconf 81' lang='lat' dir='ltr'>poet</span> <span class='ocrx_word' id='word_1_249' title='bbox 551 3694 657 3763; x_wconf 73' lang='lat' dir='ltr'>linguae</span> <span class='ocrx_word' id='word_1_250' title='bbox 675 3709 727 3749; x_wconf 84' lang='lat' dir='ltr'>om.</span> <span class='ocrx_word' id='word_1_251' title='bbox 744 3693 862 3749; x_wconf 81' lang='lat' dir='ltr'><strong><em>MVLG</em></strong></span> <span class='ocrx_word' id='word_1_252' title='bbox 962 3692 1116 3763; x_wconf 64' lang='lat' dir='ltr'>replebitis</span> <span class='ocrx_word' id='word_1_253' title='bbox 1216 3694 1341 3749; x_wconf 69' lang='lat' dir='ltr'>daorsis</span> 
     </span>
     <span class='ocr_line' id='line_1_30' title="bbox 210 3781 1341 3869; baseline 0 -18"><span class='ocrx_word' id='word_1_254' title='bbox 210 3798 238 3865; x_wconf 81' lang='lat' dir='ltr'>S,</span> <span class='ocrx_word' id='word_1_255' title='bbox 265 3797 333 3851; x_wconf 86' lang='lat' dir='ltr'>isaie</span> <span class='ocrx_word' id='word_1_256' title='bbox 350 3798 385 3867; x_wconf 76' lang='lat' dir='ltr'>L,</span> <span class='ocrx_word' id='word_1_257' title='bbox 412 3798 547 3869; x_wconf 82' lang='lat' dir='ltr'>ysayaV,</span> <span class='ocrx_word' id='word_1_258' title='bbox 573 3797 690 3868; x_wconf 83' lang='lat' dir='ltr'>ysaiaO</span> <span class='ocrx_word' id='word_1_259' title='bbox 773 3798 902 3867; x_wconf 86' lang='lat' dir='ltr'>dominus]</span> <span class='ocrx_word' id='word_1_260' title='bbox 921 3781 970 3852; x_wconf 73' lang='lat' dir='ltr'>dns</span> <span class='ocrx_word' id='word_1_261' title='bbox 988 3781 1168 3854; x_wconf 67' lang='lat' dir='ltr'><em>‹13anch</em></span> <span class='ocrx_word' id='word_1_262' title='bbox 1265 3798 1341 3852; x_wconf 81' lang='lat' dir='ltr'>dea-</span> 
     </span>
     <span class='ocr_line' id='line_1_31' title="bbox 209 3900 1274 3972; baseline 0.002 -18"><span class='ocrx_word' id='word_1_263' title='bbox 209 3900 293 3955; x_wconf 85' lang='lat' dir='ltr'>beoht</span> <span class='ocrx_word' id='word_1_264' title='bbox 323 3901 351 3956; x_wconf 84' lang='lat' dir='ltr'><strong><em>V</em></strong></span> <span class='ocrx_word' id='word_1_265' title='bbox 461 3902 603 3958; x_wconf 86' lang='lat' dir='ltr'>maiestate</span> <span class='ocrx_word' id='word_1_266' title='bbox 630 3903 685 3957; x_wconf 88' lang='lat' dir='ltr'>eius</span> <span class='ocrx_word' id='word_1_267' title='bbox 713 3903 745 3972; x_wconf 83' lang='lat' dir='ltr'>S,</span> <span class='ocrx_word' id='word_1_268' title='bbox 780 3902 867 3971; x_wconf 83' lang='lat' dir='ltr'>gloria</span> <span class='ocrx_word' id='word_1_269' title='bbox 891 3902 1042 3957; x_wconf 84' lang='lat' dir='ltr'>maiestatis</span> <span class='ocrx_word' id='word_1_270' title='bbox 1067 3903 1131 3955; x_wconf 89' lang='lat' dir='ltr'>tuae</span> <span class='ocrx_word' id='word_1_271' title='bbox 1157 3901 1274 3958; x_wconf 84' lang='lat' dir='ltr'><strong><em>MVLO</em></strong></span> 
     </span>
    </p>

    <p class='ocr_par' dir='ltr' id='par_1_11' title="bbox 209 4004 1274 4081">
     <span class='ocr_line' id='line_1_32' title="bbox 209 4004 1274 4081; baseline 0.002 -23"><span class='ocrx_word' id='word_1_272' title='bbox 209 4004 226 4058; x_wconf 89' lang='lat'>8</span> <span class='ocrx_word' id='word_1_273' title='bbox 253 4004 379 4061; x_wconf 82' lang='lat' dir='ltr'>iheremia</span> <span class='ocrx_word' id='word_1_274' title='bbox 408 4007 430 4062; x_wconf 84' lang='lat'><em>0</em></span> <span class='ocrx_word' id='word_1_275' title='bbox 542 4007 575 4061; x_wconf 90' lang='lat'>10</span> <span class='ocrx_word' id='word_1_276' title='bbox 601 4005 634 4060; x_wconf 89' lang='lat' dir='ltr'>de</span> <span class='ocrx_word' id='word_1_277' title='bbox 662 4011 723 4073; x_wconf 75' lang='lat' dir='ltr'>(osu</span> <span class='ocrx_word' id='word_1_278' title='bbox 751 4004 826 4081; x_wconf 74' lang='lat' dir='ltr'>dens)</span> <span class='ocrx_word' id='word_1_279' title='bbox 858 4004 882 4061; x_wconf 83' lang='lat'><strong><em>0</em></strong></span> <span class='ocrx_word' id='word_1_280' title='bbox 987 4005 1131 4059; x_wconf 85' lang='lat' dir='ltr'>absconsus</span> <span class='ocrx_word' id='word_1_281' title='bbox 1156 4004 1274 4060; x_wconf 76' lang='lat' dir='ltr'>rme</span> 
     </span>
    </p>

    <p class='ocr_par' dir='ltr' id='par_1_12' title="bbox 211 4108 426 4165">
     <span class='ocr_line' id='line_1_33' title="bbox 211 4108 426 4165; baseline 0.019 -4"><span class='ocrx_word' id='word_1_282' title='bbox 211 4109 241 4162; x_wconf 93' lang='grc'>11</span> <span class='ocrx_word' id='word_1_283' title='bbox 261 4108 372 4165; x_wconf 87' lang='lat' dir='ltr'>uidebor</span> <span class='ocrx_word' id='word_1_284' title='bbox 389 4110 426 4165; x_wconf 88' lang='grc' dir='ltr'><em>Μ</em></span> 
     </span>
    </p>
   </div>
   <div class='ocr_carea' id='block_1_8' title="bbox 261 4484 487 4559">
    <p class='ocr_par' dir='ltr' id='par_1_13' title="bbox 261 4484 487 4559">
     <span class='ocr_line' id='line_1_34' title="bbox 261 4484 487 4559; baseline 0.013 -17"><span class='ocrx_word' id='word_1_285' title='bbox 261 4484 319 4555; x_wconf 81' lang='lat'>111,</span> <span class='ocrx_word' id='word_1_286' title='bbox 337 4488 405 4559; x_wconf 78' lang='lat' dir='ltr'>Aug.</span> <span class='ocrx_word' id='word_1_287' title='bbox 423 4488 448 4555; x_wconf 81' lang='lat'>3,</span> <span class='ocrx_word' id='word_1_288' title='bbox 467 4506 487 4545; x_wconf 90' lang='lat'>1.</span> 
     </span>
    </p>
   </div>
   <div class='ocr_carea' id='block_1_9' title="bbox 0 0 1592 4967">
    <p class='ocr_par' dir='ltr' id='par_1_14' title="bbox 0 0 1592 4967">
     <span class='ocr_line' id='line_1_35' title="bbox 0 0 1592 4967; baseline 0 0"><span class='ocrx_word' id='word_1_289' title='bbox 0 0 1592 4967; x_wconf 95' lang='lat' dir='ltr'> </span> 
     </span>
    </p>
   </div>
  </div>
 </body>
</html>
