3159 4967
245 374 310 442 310
383 411 386 416 -
471 369 518 424 De
536 366 665 423 diuinis
684 364 866 436 seripturis
884 365 955 419 aine
973 363 1156 437 Speculum

248 561 338 638 tiam,
376 557 453 642 ipsis
491 557 596 624 autem
630 555 753 622 uocatis
782 554 906 621 iudaeis
936 555 968 619 et
997 553 1120 638 graecis
1151 552 1303 619 christum
1327 549 1380 614 dei

252 663 403 728 uirtutem
433 660 465 726 et
496 659 547 724 dei
576 656 771 744 sapientiam.
814 657 913 724 Item
935 651 1038 722 illie:
1062 655 1125 723 Sed
1147 655 1305 738 loquimar
1328 651 1379 717 dei

254 751 440 850 sapientiam
469 764 502 830 in
530 763 688 848 mysterio,
719 780 809 846 quae.
823 761 854 824 in
879 751 1063 826 abscondito
1087 759 1145 837 eat,
1168 777 1264 842 quam
1284 774 1379 839 prae·

127 941 136 960 .
255 867 426 934 destinauit
448 867 525 932 deus
549 871 621 930 ante
644 864 774 930 saecula
794 863 827 928 in
848 862 983 948 gloriam
998 863 1150 940 noatmm,
1177 879 1272 946 quam
1287 878 1380 924 nemo

253 969 427 1056 principum
449 970 541 1034 huius
564 967 684 1034 eaeeuli
700 965 856 1051 cognouit
897 965 924 1034 si
940 965 1022 1031 enim
1038 965 1270 1049 cognouisnent,
1286 981 1380 1028 num-

254 1091 349 1156 quam
365 1071 525 1138 dominum
539 1070 717 1136 maiestatis
732 1067 971 1136 crucifixissent
1011 1069 1111 1134 item
1128 1067 1233 1132 illie:
1248 1066 1380 1148 Propter

253 1175 337 1259 quod
352 1176 460 1241 notum
474 1173 565 1240 uobis
580 1171 661 1239 iaeio
677 1171 753 1255 quia
764 1191 855 1237 nomo
872 1171 904 1236 in
917 1171 1029 1254 spiritu
1041 1170 1092 1236 dei
1112 1170 1189 1235 dicit
1210 1169 1382 1234 anathema

251 1276 329 1345 iesu.
368 1281 401 1345 et
429 1295 520 1344 nemo
549 1277 655 1360 potest
684 1275 790 1341 (linere
822 1275 981 1343 dominum
1006 1274 1110 1340 iesum
1130 1274 1191 1338 nisi
1212 1274 1244 1338 iu
1268 1271 1380 1356 spiritu

251 1385 370 1449 saneto.
410 1381 579 1448 diuisionee
603 1381 708 1446 autem
725 1379 928 1447 donationum
944 1379 1026 1457 aunt,
1042 1379 1128 1443 idem
1142 1394 1218 1449 uero
1234 1375 1379 1460 spiritus:

251 1486 282 1553 et
319 1485 490 1551 diuisiones
520 1485 766 1550 ministeriorum
800 1483 882 1562 sunt,
921 1481 1006 1548 idem
1039 1501 1115 1547 uero
1150 1479 1308 1547 dominus:
1346 1479 1381 1543 et
1394 1503 1421 1544 ιο

253 1585 423 1654 diuisionee
450 1587 665 1672 operationum
695 1588 777 1665 aunt,
801 1585 965 1655 sedidem
989 1584 1134 1651 dominun
1157 1582 1212 1668 qui
1233 1582 1381 1666 operatum

253 1691 358 1757 omnia
379 1691 410 1756 in
434 1691 585 1758 omnibus.
624 1691 723 1756 Item
744 1688 852 1756 illie:
879 1688 926 1757 De
942 1689 1024 1755 eseia
1041 1705 1114 1774 ergo
1131 1683 1381 1753 sacrificatorum

254 1794 371 1880 seimus
402 1793 476 1877 quia
505 1793 583 1858 nihii
613 1794 661 1858 est
688 1792 809 1859 idolum
839 1792 872 1857 et
894 1792 969 1876 quia
990 1810 1083 1858 nemo
1107 1790 1185 1856 deus
1206 1787 1267 1854 nisi
1289 1804 1380 1852 unua

252 1916 324 1962 nam
359 1896 419 1960 etsi
449 1895 521 1960 sunt
550 1896 605 1980 qui
636 1895 779 1960 uranum
803 1893 847 1960 dii
877 1895 944 1960 aine
966 1895 998 1960 in
1021 1893 1111 1960 eaelo
1133 1894 1201 1959 siue
1230 1891 1262 1956 in
1283 1892 1380 1974 terra,

252 1999 341 2064 nobis
362 1999 468 2064 tamen
491 2017 571 2064 unua
595 2000 644 2064 est
668 1999 745 2063 deus
767 1997 867 2081 pater,
892 2017 929 2062 er
951 2015 1012 2080 quo
1036 1997 1141 2063 omnia
1162 1995 1251 2062 nobie
1274 1995 1306 2060 et
1323 2010 1382 2057 nos
1396 2020 1423 2060 ιε

250 2109 282 2174 in
312 2103 425 2186 ipsum,
458 2103 489 2168 et
518 2120 598 2168 unua
622 2101 766 2168 dominus
788 2101 874 2166 iesus
896 2101 1043 2179 christus,
1072 2117 1248 2184 perquem
1276 2094 1381 2163 omnia

200 2283 221 2326 α
251 2263 339 2320 tutem
361 2262 390 2321 et
404 2261 448 2320 dei
464 2261 641 2339 sapientiam.
679 2263 766 2322 Item
788 2279 863 2338 eap.
880 2261 949 2322 VII:
972 2260 1119 2335 Sapientia
1134 2263 1228 2319 autem
1240 2259 1382 2332 loquimur

252 2364 367 2422 usqne
381 2365 533 2422 numquam
548 2347 689 2408 dominum
704 2348 811 2422 gloriae
827 2346 1039 2406 crucifixissent.
1069 2346 1157 2405 Item
1173 2362 1245 2422 eap.
1318 2363 1326 2400 ι
1357 2351 1363 2414 Ι

251 2434 370 2510 Propter
399 2435 472 2509 quod
501 2435 598 2493 notum
627 2434 708 2492 uobis
739 2433 812 2492 faeie
838 2449 949 2506 usque
972 2432 1040 2490 deun
1064 2432 1113 2506 qui
1136 2433 1266 2507 operatur
1288 2431 1382 2489 omnia

253 2519 283 2577 in
305 2520 443 2578 omnibaa
487 2521 576 2580 Item
598 2536 671 2594 eap.
768 2519 841 2577 :De
863 2517 937 2576 eseia
961 2513 1059 2600 (aeis)
1083 2534 1151 2591 ergo
1174 2533 1423 2590 nequeunuaao

254 2603 382 2664 dominus
411 2605 489 2665 iesus
519 2605 652 2675 christus,
682 2622 733 2680 per
762 2621 845 2678 quem
874 2603 967 2662 omnia
996 2605 1024 2661 et
1052 2620 1105 2662 nos
1126 2621 1176 2678 per
1197 2603 1299 2677 ipsum.
1333 2601 1383 2660 Ad

199 2743 223 2848 μ’
252 2761 386 2821 christum
421 2761 466 2821 dei
498 2761 632 2820 uirtutem
664 2762 692 2819 et
725 2761 769 2819 dei
803 2761 981 2836 sapientiam.
1018 2760 1101 2820 Item
1122 2777 1196 2837 eap.
1218 2761 1264 2819 II:
1297 2759 1380 2833 Sapi-

251 2847 357 2906 entiam
386 2849 479 2906 autam
507 2845 648 2919 loquimur
678 2861 791 2920 usque
820 2861 974 2920 numquam
999 2846 1141 2905 dominum
1163 2845 1269 2923 gloriae
1290 2846 1380 2904 eruci-

250 2931 387 2992 firienent.
430 2930 521 2991 Item
550 2948 623 3005 oap.
655 2931 736 2989 XIII:
766 2931 833 2992 Ideo
854 2933 952 2990 notum
976 2933 1059 2991 nobie
1081 2932 1155 2991 iaeio
1176 2947 1287 3005 usque
1309 2931 1380 2990 dem

250 3015 300 3090 qui
322 3019 452 3092 operatur
467 3016 561 3076 omnia
575 3015 606 3074 in
621 3015 759 3076 omnibus.
796 3018 888 3076 Item
914 3033 987 3092 eap.
1003 3014 1099 3078 vnn:
1120 3019 1165 3077 De
1178 3017 1271 3077 aeaeis
1286 3018 1380 3076 autem
1393 3040 1423 3082 ε

249 3116 362 3176 usque
390 3117 465 3162 unus
495 3101 624 3162 dominae
651 3103 731 3162 iesus
753 3102 887 3172 cunnus,
917 3120 967 3178 por
989 3119 1071 3177 quem
1093 3104 1187 3162 omnia
1207 3104 1309 3162 atnoe
1329 3119 1381 3178 per

352 3239 613 3308 alcoranus
699 3240 959 3306 ticor.12,3-t
1048 3241 1310 3306 lamenta-o

302 3369 462 3439 lgreeieS
538 3369 635 3442 aurio]
655 3370 689 3424 ari
708 3369 814 3425 eoadem
831 3370 1026 3441 prImaaLV)
1039 3370 1137 3436 MV,
1167 3370 1202 3425 ad
1219 3371 1379 3431 chorinthios

249 3455 378 3524 primo
470 3454 729 3525 saepenumero
811 3457 1000 3513 misterio'SV
1081 3458 1380 3528 quaeabaeonditaeat

251 3540 380 3596 naraon
456 3540 661 3612 parmenam
736 3543 1034 3614 emnaaulgnane
1047 3543 1176 3601 maroe
1248 3544 1380 3600 moena

250 3642 517 3716 emesenorum
529 3637 665 3701 arrae·
710 3631 977 3716 inueniuntur
992 3646 1030 3702 oe
1103 3647 1314 3718 erminum

250 3745 314 3802 mn
328 3735 384 3802 ni.
401 3745 422 3817 p
441 3747 595 3803 noerae
609 3749 663 3806 rut.
678 3750 715 3819 m)
734 3749 762 3804 V
849 3751 883 3805 ro
898 3736 1095 3806 emetiatur
1112 3751 1244 3808 maroe
1328 3751 1378 3806 aa·

253 3851 280 3907 r
359 3847 396 3904 11⁴·
410 3850 505 3908 seura.
518 3851 596 3922 uem]
615 3851 767 3910 eiurante
780 3840 813 3907 ui
828 3853 870 3923 nr,
895 3840 1109 3910 raemeuomui
1125 3855 1209 3911 are
1292 3823 1379 3909 rasa

251 3952 356 4008 eoadem
373 3954 458 4025 prima
476 3953 511 4008 Μ
513 3953 593 4010 Vae
692 3954 725 4009 de
742 3941 794 4010 aeis
812 3955 878 4012 MV
970 3950 1129 4011 murifieioru
1146 3957 1235 4022 (tioru
1253 3956 1299 4020 Μ)
1316 3956 1384 4012 ΠΥ

250 4038 304 4094 Lo
397 4037 430 4094 13
448 4039 554 4110 idolum]
573 4037 601 4093 in
617 4038 716 4096 mundo
734 4039 802 4096 add.
822 4039 924 4099 mov
1022 4041 1055 4096 14
1072 4057 1122 4097 ooo.
1141 4043 1204 4096 aunt
1222 4042 1266 4111 qui
1282 4042 1309 4096 L

250 4123 372 4180 dicuntur
389 4125 504 4186 ΜΗΘ
603 4125 632 4181 di
647 4117 692 4194 M,
718 4126 762 4182 dei
783 4127 810 4183 V
909 4128 942 4182 15
959 4143 1009 4184 om.
1028 4130 1069 4183 eat
1086 4127 1218 4183 murce
1311 4134 1379 4197 poet

250 4210 337 4264 omnia
355 4226 405 4268 om.
424 4211 500 4268 nobie
517 4211 648 4270 MLVCt
744 4213 779 4272 lo
796 4211 825 4269 iu
841 4228 892 4270 om.
913 4214 945 4271 θ’
1039 4213 1096 4283 ipeo
1114 4211 1230 4270 ΜΗΘ
1320 4215 1377 4284 per]

250 4310 283 4366 pt
298 4297 364 4362 (ΓΜ.
382 4295 434 4364 ss)
451 4297 475 4354 S
