3159 4967
271 456 336 522 340
499 454 545 507 De
565 453 693 508 diuinis
712 452 893 521 scripturis
911 452 983 506 siue
1002 454 1180 522 Speculum.

271 646 345 728 quia
376 645 443 709 lata
474 642 505 708 et
534 644 674 726 spatiosa
700 644 754 707 uia
777 644 826 707 est
848 661 930 725 quae
954 641 1043 706 ducit
1065 642 1107 706 ad
1128 642 1347 725 perditionem,
1374 644 1409 707 et

270 747 363 813 multi
387 748 459 812 sunt
481 746 534 829 qui
556 746 675 811 intrant
696 766 752 829 per
776 766 855 810 eam.
895 746 970 828 quia
994 744 1129 829 angusta
1152 748 1184 810 et
1203 746 1272 809 arta
1285 746 1340 810 ula
1358 745 1408 809 est

272 870 352 934 quae
378 850 465 915 ducit
488 849 529 914 ad
551 848 660 929 uitam,
685 850 716 914 et
737 850 832 933 pauci
849 851 922 914 sunt
937 848 991 932 qui
1006 848 1171 914 inueniunt
1187 868 1266 913 eam.
1304 848 1407 912 Item

271 954 381 1019 illic:
405 953 519 1019 Venite
544 948 584 1019 ad
606 973 657 1019 me
682 972 790 1019 omnes
818 954 871 1036 qui
893 952 1046 1018 laboratis
1070 954 1103 1017 et
1126 953 1245 1017 onerati
1261 952 1349 1026 estis,
1375 952 1410 1015 et

274 1076 332 1140 ego
363 1076 419 1122 uos
449 1056 599 1122 reficiam.
638 1056 741 1122 tollite
772 1056 882 1140 iugum
911 1076 1017 1121 meum
1040 1075 1213 1138 supernos
1237 1056 1408 1121 etdiscite
1437 1079 1451 1117 e

274 1161 347 1243 quia
376 1163 562 1227 mansuetus
593 1179 661 1225 sum
687 1161 718 1224 et
739 1160 868 1225 humilis
892 1160 996 1237 corde,
1021 1162 1054 1224 et
1073 1160 1241 1224 inuenietis
1263 1160 1409 1241 requiem

273 1262 385 1328 animis
419 1266 551 1329 uestris:
586 1265 661 1347 qnia
694 1264 804 1347 iugum
838 1282 943 1328 meum
978 1262 1150 1328 iucundum
1184 1263 1234 1327 est
1267 1264 1299 1326 et
1327 1280 1408 1326 onus

272 1386 377 1431 meum
399 1366 471 1433 leue
495 1368 551 1433 est.
592 1368 691 1432 Item
715 1366 823 1432 Illic:
853 1366 941 1431 'Iuno
964 1366 1157 1449 respondens
1179 1366 1287 1447 petrus
1304 1364 1349 1429 ait
1366 1364 1409 1428 ad

274 1488 361 1534 eum:
394 1489 468 1535 ecoe
498 1490 553 1535 nos
584 1470 768 1552 reliquimus
801 1470 905 1534 omnia
935 1471 967 1533 et
996 1470 1098 1534 secuti
1129 1488 1238 1534 sumus
1259 1468 1301 1545 te,
1330 1466 1410 1549 quid

274 1592 348 1655 ergo
383 1566 443 1638 erit
472 1573 581 1639 nobis?
614 1574 699 1638 iesus
732 1573 838 1638 autem
871 1572 949 1637 dixit
979 1572 1058 1637 illia:
1091 1590 1182 1637 amen
1209 1572 1281 1636 dieo
1303 1571 1408 1648 uobis,
1426 1596 1454 1634 ιο

274 1678 420 1759 quoniam
443 1696 501 1742 uos
525 1678 577 1759 qui
602 1678 701 1742 secuti
726 1677 803 1741 estis
819 1696 870 1741 me
896 1676 926 1740 in
943 1676 1183 1753 resurreetione,
1200 1694 1272 1739 cum
1288 1672 1410 1738 sederit

274 1779 358 1843 filius
389 1779 522 1844 hominis
551 1780 583 1843 in
614 1780 725 1845 throno
748 1780 869 1864 gloriae
892 1798 979 1857 snae,
1004 1778 1156 1844 sedebitis
1179 1779 1213 1843 et
1233 1796 1290 1843 uos
1313 1796 1410 1859 super

275 1880 443 1947 duodecim
477 1882 605 1947 thronos
643 1882 822 1949 indicentes
861 1882 1029 1948 duodecim
1065 1882 1167 1947 tribus
1203 1880 1330 1946 israhel.
1379 1881 1413 1944 et

276 1985 375 2049 omnis
411 1986 600 2068 quicumque
633 1986 797 2069 reliquerit
824 1986 951 2052 domum
984 1986 1038 2051 nel
1059 1986 1172 2051 fratres
1196 1986 1259 2050 aut
1272 1985 1411 2048 matrem

275 2089 329 2151 aut
359 2086 440 2152 filios
470 2088 523 2151 uel
555 2106 647 2171 agros
677 2090 805 2171 propter
835 2108 947 2153 nomon
978 2108 1094 2166 meum,
1129 2088 1249 2153 centies
1281 2088 1455 2151 tantumn

276 2190 411 2274 accipiet
447 2192 479 2255 et
508 2192 608 2256 uitam
641 2192 802 2257 aeternam
831 2192 1015 2275 possidebit
1053 2191 1146 2255 multi
1177 2191 1283 2254 auteur
1315 2190 1412 2271 prImi

223 2442 245 2481 α
274 2418 357 2495 pauci
381 2423 448 2481 sunt
470 2421 518 2495 qui
540 2422 648 2483 intrant
672 2418 818 2502 (intrant)
844 2439 893 2496 per
915 2440 984 2480 eam.
1023 2422 1112 2480 Item
1133 2439 1205 2496 cap.
1221 2422 1285 2480 XL:
1308 2418 1413 2478 Venite

275 2505 310 2563 ad
340 2522 383 2565 me
414 2521 509 2565 omnes
540 2508 587 2581 qui
617 2507 753 2566 laboratis
782 2524 894 2581 nsque
925 2524 996 2567 onus
1025 2526 1117 2565 meum
1138 2508 1200 2566 leue
1223 2510 1275 2564 sot.
1318 2506 1412 2562 Item

275 2608 346 2666 cap.
381 2592 503 2653 XVIIII:
538 2594 617 2653 'Iunc
649 2593 821 2668 respondens
854 2596 951 2667 petrus
984 2593 1039 2652 ait:
1068 2610 1131 2652 ecoe
1163 2609 1215 2652 nos
1249 2590 1413 2650 dimisimus

222 2834 245 2891 μ
274 2831 389 2889 usque
418 2818 503 2891 pauci
533 2820 599 2877 sunt
631 2818 680 2892 qni
710 2818 817 2875 intrant
839 2834 889 2891 per
911 2835 980 2877 eam.
1024 2816 1113 2874 Item
1136 2834 1208 2890 cap.
1232 2816 1287 2875 XI:
1310 2815 1455 2883 Venite„

275 2900 311 2957 ad
340 2918 384 2959 me
414 2918 509 2961 omnes
540 2902 588 2977 qni
617 2902 754 2962 laboratis
789 2919 900 2976 usque
933 2920 1004 2962 onus
1026 2920 1118 2961 meum
1140 2900 1202 2961 leue
1224 2902 1277 2960 est.
1322 2902 1412 2961 lem

276 3001 347 3060 cap.
372 2986 478 3047 XVIII:
502 2988 581 3047 Tunc
603 2988 775 3063 respondens
799 2990 895 3063 petrus
919 2989 973 3048 ait:
997 3005 1060 3048 ecoe
1076 3004 1128 3047 nos
1144 2987 1414 3046 dImisimusomnia

378 3220 508 3276 4111111.
528 3222 569 3287 ll,
590 3222 692 3277 28-30
796 3224 812 3277 8
830 3221 926 3278 maten
947 3224 988 3287 19,
1006 3222 1109 3275 27-30

328 3446 411 3501 lom.
431 3446 504 3501 ducIt
526 3448 552 3502 V
653 3449 828 3519 perditionem
846 3450 902 3505 So:
931 3452 1043 3503 mortem
1061 3449 1179 3505 ΜΗΘ
1280 3444 1296 3501 2
1319 3418 1411 3515 quia'n-

274 3534 600 3600 gustseturtauirrest
619 3535 651 3589 S:
679 3550 756 3605 quum
780 3538 839 3590 artu
862 3538 890 3589 et
914 3534 1415 3605 angustaretuialuiaestQMV

274 3616 326 3671 LO
406 3618 423 3673 3
441 3620 484 3689 qui
496 3620 635 3675 inueniunt
648 3638 706 3677 eam
726 3622 782 3677 So:
809 3623 853 3691 qui
867 3622 1135 3690 Intrabuntpereom
1153 3622 1191 3675 Μ
1194 3622 1224 3684 V,
1253 3621 1414 3690 quiintrant

273 3718 322 3771 per
343 3718 402 3758 enm
425 3704 476 3761 LO
578 3706 594 3759 4
621 3722 670 3763 om.
698 3722 788 3761 omues
817 3708 841 3763 0
941 3707 1063 3761 honerati
1086 3705 1146 3761 MC
1246 3704 1376 3758 5discIte
1395 3720 1414 3758 a

274 3802 316 3841 me
334 3788 401 3844 LCo
493 3791 688 3860 dmonsuetus]
708 3791 780 3845 mltis
799 3790 930 3847 ronco
1022 3791 1196 3847 'IonImabus
1214 3791 1343 3845 MVLCo

276 3874 336 3944 quie
362 3876 460 3946 iugum]
487 3878 576 3947 iugum
606 3878 676 3931 enlm
701 3878 832 3933 MVLOv
957 3878 1107 3948 iucundum]
1134 3893 1215 3933 ouaue
1241 3878 1342 3933 muco

275 3960 389 4015 Sleuae
413 3960 437 4015 S
537 3964 554 4017 9
577 3962 728 4033 reliquimus
753 3964 809 4018 So:
839 3963 983 4019 dimisimus
1001 3965 1092 4019 MVL
1195 3965 1344 4034 sequntiC

277 4064 308 4117 10
332 4080 409 4119 amen
431 4080 508 4120 amen
533 4068 619 4123 MVO
724 4067 757 4122 12
779 4068 904 4123 lnonoO
1007 4070 1040 4123 13
1057 4067 1195 4123 duodecim
1212 4068 1330 4138 thronos]
1348 4066 1412 4121 duo-

275 4184 360 4239 decim
383 4186 459 4241 sedes
482 4188 589 4258 nm,
620 4188 696 4243 sedes
720 4188 859 4243 duodecIm
883 4189 925 4245 Os
1028 4190 1185 4245 istrahelS
1285 4191 1319 4244 14
1340 4180 1413 4258 qui*

275 4289 428 4377 reliuquenit
450 4293 478 4358 (n
498 4292 614 4360 punctio
640 4292 691 4347 del.
716 4310 734 4345 a
757 4311 793 4348 m.
811 4296 841 4360 2)
870 4294 897 4348 V
997 4294 1030 4348 15
1053 4310 1150 4348 nomen
1172 4310 1259 4348 meum
1283 4293 1340 4349 So:
1369 4310 1412 4348 me

275 4392 393 4449 MVLG
