3159 4967
434 423 480 477 De
498 422 624 478 diuinis
641 424 822 492 scripturis
840 424 910 478 siue
929 423 1109 492 Speculum.
1270 423 1334 489 459

209 633 270 682 nou
301 615 350 682 est
379 614 487 680 creata
516 615 693 680 hominibus
719 613 875 696 superbia,
905 633 1006 697 neque
1027 613 1192 679 iracundia
1214 612 1333 679 nationi

208 718 386 784 mulierum.
424 718 523 782 Item
545 716 651 781 illic:
675 717 735 800 Qui
759 717 901 800 tetigerit
922 718 1035 800 picem,
1057 717 1271 800 inquinabitur
1293 717 1332 781 ab

210 842 263 888 ea:
298 823 332 888 et
362 821 416 905 qui
449 820 661 886 communicat
688 822 832 904 superbo,
860 820 972 886 induet
1000 821 1188 903 superbiam.
1233 820 1334 884 Item

208 925 317 990 illic:
347 925 476 1003 Domus,
507 943 588 1007 qnae
616 924 710 990 nimie
731 925 873 1007 locuples
897 924 954 1002 est,
985 922 1198 989 adnullabitur
1221 941 1332 1005 super-

182 1028 283 1092 ebia·
315 1029 414 1092 Item
436 1028 474 1092 in
500 1029 611 1093 esaia
632 1028 840 1111 propheta:
864 1026 973 1092 Omnis
997 1027 1103 1092 eutem
1127 1025 1253 1092 deficiet
1274 1024 1332 1090 ini-

210 1150 300 1213 quns,
325 1131 358 1195 ct
378 1130 493 1212 peribit
513 1130 676 1212 superbus,
701 1132 734 1196 et
756 1131 965 1213 disperierunt
980 1130 1034 1213 qui
1054 1129 1161 1212 inique
1183 1128 1281 1212 agunt
1301 1128 1334 1192 in

208 1233 380 1319 maestitia,
404 1234 437 1298 et
459 1233 512 1315 qui
534 1233 655 1298 faciunt
676 1252 810 1317 peccare
833 1232 975 1298 homines
997 1233 1030 1298 in
1045 1251 1197 1299 sermone.
1231 1232 1335 1296 Item

209 1336 317 1401 illice
339 1336 381 1402 Et
403 1337 456 1420 qui
478 1338 604 1420 superbi
626 1338 709 1416 sunt,
732 1337 927 1402 contumelia
948 1335 1158 1412 conterentur,
1184 1335 1216 1399 ct
1230 1334 1333 1400 humi-

208 1440 378 1517 liabuntur,
403 1441 435 1504 et
456 1440 571 1506 cadent
594 1440 710 1505 excelsi
731 1439 850 1522 gladio.
893 1440 993 1506 Item
1022 1438 1126 1502 illic:
1157 1437 1198 1502 Et
1220 1437 1333 1502 contu-

171 1542 337 1610 omeliam
360 1545 564 1624 superborum
585 1543 766 1610 humiliabo.
806 1543 903 1608 Item
924 1542 1032 1608 illic:
1055 1541 1201 1608 Cessanit
1223 1558 1334 1623 super-

209 1647 263 1712 bia
285 1647 317 1711 et
339 1646 469 1712 diuitiae
490 1647 666 1729 impiorum.
703 1647 803 1710 Item
831 1647 868 1711 in
893 1633 998 1712 amos
1019 1644 1222 1728 propheta:
1253 1642 1336 1725 Quia

209 1749 326 1817 iurauit
349 1749 570 1832 dominusper
593 1750 695 1815 semet
715 1750 830 1831 ipsum,
854 1750 929 1832 quia
944 1767 1002 1832 ogo
1026 1747 1188 1814 abominor
1211 1764 1333 1812 omnem

210 1853 388 1935 superbiam
418 1852 518 1930 iacob,
550 1852 582 1916 ct
602 1854 747 1935 regiones
774 1852 862 1918 illius
885 1852 980 1918 odiui.
1025 1851 1124 1916 Item
1145 1850 1182 1914 iu
1206 1850 1334 1916 amba-

210 2063 397 2122 municauerit
417 2063 538 2137 superbo
560 2063 690 2122 luduetur
711 2063 852 2137 superbia.
890 2064 930 2123 Iu
953 2063 1056 2122 esaia
1077 2079 1149 2137 cap.
1238 2058 1334 2119 :Om·
1366 2074 1387 2115 α

171 2167 197 2206 re
210 2166 262 2208 nes
285 2152 379 2208 autem
401 2149 510 2208 deficiet
537 2149 651 2222 iniquus
674 2150 703 2207 et
722 2149 828 2223 peribit
850 2149 996 2223 superbus.
1041 2148 1127 2207 Item
1150 2163 1222 2222 cap.
1327 2164 1334 2202 ε

209 2235 247 2291 lit
280 2236 329 2308 qui
361 2235 472 2293 subersi
506 2235 572 2293 eunt
605 2233 773 2292 contumelia
801 2235 985 2293 conterentur.
1030 2232 1118 2291 Item
1140 2249 1216 2306 cap.
1327 2249 1333 2286 ε

210 2320 249 2378 Ilt
278 2320 446 2380 contumelia
475 2320 658 2394 superborum
683 2319 846 2377 humiliabo.
889 2318 978 2378 Item
1000 2335 1075 2392 cap.
1165 2337 1171 2375 :
1206 2317 1336 2375 desecuit

211 2406 344 2480 superbia
365 2408 393 2464 et
415 2404 516 2463 diuitia
541 2405 698 2478 implorum.
734 2406 776 2462 In
798 2420 895 2463 arnus
918 2421 992 2477 cap.
1090 2422 1097 2459 :
1128 2403 1201 2474 Quia
1229 2402 1336 2460 iurauit

212 2489 421 2566 dominusper
450 2492 537 2548 semet
566 2490 669 2564 ipsum,
699 2489 766 2564 qula
788 2507 841 2564 ego
865 2489 1010 2548 abominor
1032 2504 1140 2547 omnem
1164 2487 1333 2562 snperbiam.

171 2680 302 2740 acItem
324 2695 397 2754 cap.
419 2677 502 2740 VIII:
533 2678 588 2750 Qui
610 2671 866 2740 communicauerit,
886 2677 1006 2750 superbo
1035 2675 1167 2734 induetur
1193 2672 1333 2748 superbia.
1362 2693 1386 2751 μ

210 2766 252 2824 In
275 2765 376 2825 esaie
398 2781 472 2839 cap.
560 2782 567 2820 ε
591 2762 691 2821 Omnis
707 2766 799 2821 entem
816 2762 925 2822 deficiet
945 2763 1060 2836 indquus
1075 2762 1103 2818 et
1118 2759 1222 2834 peribit
1237 2775 1334 2832 snper-

209 2851 265 2910 bus
288 2852 316 2909 et
338 2850 526 2925 disperierunt
558 2849 607 2922 qui
639 2849 734 2922 Inique
764 2849 855 2922 agunt
883 2848 913 2907 iu
934 2846 1078 2906 macstItia
1099 2846 1127 2904 et
1149 2845 1197 2919 qui
1226 2845 1335 2903 faciunt

210 2953 325 3012 peccare
354 2935 481 2993 homines
511 2937 541 2993 in
570 2950 704 2993 sermone.
747 2935 836 2992 Item
859 2949 931 3007 cap.
1028 2951 1034 2988 :
1067 2931 1106 2989 Et
1138 2931 1186 3005 qui
1220 2929 1334 3004 superbi

210 3023 279 3081 sunt
311 3020 478 3080 contumelia
510 3021 686 3079 conterentur
718 3020 747 3078 et
777 3018 1000 3077 humiliabuntur
1031 3018 1059 3076 et
1092 3017 1200 3075 cadent.
1244 3015 1334 3074 Item

169 3124 283 3182 sscap.
372 3127 379 3163 :
408 3107 446 3165 Et
468 3105 607 3180 gloriosos
628 3107 721 3164 terrae
742 3105 906 3164 humiliabo.
950 3105 1040 3163 Item
1063 3119 1137 3178 cap.
1226 3119 1232 3158 :
1267 3099 1333 3159 Ges-

211 3193 287 3252 sanit
309 3193 442 3267 superbia
463 3194 492 3250 et
514 3191 629 3249 diuitiae
651 3191 808 3266 turpiorum.
852 3191 892 3249 In
915 3206 1008 3248 amos
1031 3205 1102 3263 cap.
1196 3205 1202 3244 :
1225 3187 1334 3245 Iuranit

211 3278 339 3337 dominus
362 3277 430 3336 dens
453 3277 483 3335 in
498 3278 592 3335 anima
614 3290 681 3335 sua:
706 3277 775 3334 dicit
789 3276 918 3335 dominns
939 3275 1007 3334 deus
1030 3273 1200 3332 exercttnum
1221 3288 1333 3346 usque

312 3475 329 3528 2
346 3475 426 3529 Eccli.
446 3473 486 3543 13,
506 3476 519 3528 l
616 3475 634 3526 4
650 3474 730 3528 Eccli.
749 3473 791 3541 21,
809 3473 826 3525 4
845 3473 883 3542 (5)
978 3473 993 3525 5
1011 3473 1055 3527 Es.
1073 3472 1116 3535 29,
1134 3471 1167 3524 20
1187 3473 1214 3524 et
1231 3469 1263 3524 21

210 3563 227 3616 8
244 3560 287 3617 Es.
306 3561 348 3625 10,
366 3559 400 3614 33
418 3562 446 3614 et
462 3560 497 3613 34
604 3561 620 3613 9
638 3560 682 3614 Its.
701 3559 743 3622 13,
762 3559 793 3612 ll
899 3558 932 3612 10
948 3559 992 3614 lls.
1010 3557 1052 3621 24,
1071 3557 1087 3612 8
1105 3557 1146 3624 (cf.
1165 3556 1265 3622 Sabat.)

211 3648 242 3702 11
261 3648 342 3702 Amos
367 3646 391 3715 8,
410 3646 425 3698 7
1236 3651 1239 3656 “

261 3835 506 3890 liucocleriastico
519 3834 608 3890 MLO
688 3831 842 3886 anderru
922 3831 1093 3900 superbieris
1169 3829 1334 3899 dubisupra

211 3922 298 3977 HLO
389 3921 485 3975 nimiae
500 3921 563 3976 *SM
651 3918 785 3988 locuplebe
804 3917 841 3982 S.
865 3918 982 3986 locuplex
999 3917 1087 3971 Mac
1181 3915 1282 3970 5iseia
1298 3917 1333 3986 L,

210 4006 323 4079 psaiaO
405 4006 596 4076 prophetaom.
610 4005 698 4060 MLO
786 4001 994 4072 diniquaeML
1083 4001 1267 4056 ‘lmestitiaL

210 4095 228 4148 8
245 4094 307 4163 ilfic]
325 4095 355 4147 iu
373 4091 548 4160 emiolia-11.
566 4109 607 4162 ys·
623 4092 655 4158 0)
667 4090 756 4145 MLG
767 4089 820 4158 (cic
831 4089 923 4156 iufra)
1011 4089 1028 4141 9
1041 4087 1198 4142 contumelia
1210 4087 1268 4141 SM

212 4181 246 4234 10
272 4177 588 4247 cessauit-hupiorum]
616 4177 753 4229 πέπαυται
778 4174 902 4228 αὐθαδία
928 4173 975 4226 καὶ
1000 4176 1116 4233 πλοῦτος
1142 4173 1248 4238 ἀσεβῶν
1275 4175 1335 4229 cod.

211 4267 290 4320 Alex.
390 4265 422 4318 12
439 4264 580 4319 iurabitS
674 4262 828 4316 abhominor
845 4261 872 4314 L
972 4259 1004 4312 13
1022 4259 1158 4314 ambacum
1176 4261 1213 4314 M
1218 4277 1224 4313 :
1254 4259 1335 4315 abba·

212 4351 317 4420 cumS,
347 4350 464 4405 abbacuc
481 4351 517 4417 L,
547 4348 704 4405 abacuchO
