3159 4967
400 424 446 478 De
463 422 591 478 diuinis
609 425 790 495 scripturis
808 426 882 482 ciue
899 426 1083 495 Speculum.
1242 431 1305 496 371

177 614 271 679 onim.
315 612 417 677 Item
446 612 484 676 in
507 612 811 679 ecclesiastico:
839 613 910 679 Non
932 613 1044 680 laedae
1075 633 1201 681 seruum
1232 635 1305 700 ope-

176 714 299 781 nantem
314 713 507 792 inanitate,
524 732 626 798 noque
642 714 895 780 mercennarium
907 714 1035 782 dautem
1051 716 1188 782 animam
1203 736 1303 783 suam.

178 820 277 883 item
306 817 411 884 illio:
442 816 504 898 Qui
526 816 644 900 profert
673 818 866 883 sacrificinm
888 835 926 883 ex
948 820 1127 885 substantia
1147 820 1304 904 pauperie,

179 921 270 1004 quasi
285 920 339 1004 qni
352 920 492 1004 percutit
505 918 607 987 lilium
620 920 652 987 in
668 922 840 1005 conspectu
854 920 954 1005 patrie
965 923 1023 988 eni.
1042 922 1133 1007 panio
1144 924 1305 1007 egentium

152 1024 246 1091 auita
273 1042 461 1108 pauperum:
492 1023 546 1107 qui
576 1023 744 1091 defraudat
771 1024 874 1103 illum,
902 1026 997 1091 homo
1025 1026 1075 1093 eet
1107 1027 1304 1111 sanguinum.

179 1127 233 1209 qui
256 1126 359 1193 aufert
372 1127 405 1193 in
419 1127 534 1193 eudone
548 1146 672 1211 panem,
703 1128 794 1212 quasi
810 1129 865 1211 qui
879 1128 999 1195 occidit
1011 1129 1188 1212 proximum
1202 1149 1306 1210 ouum,

178 1230 211 1294 et
238 1230 293 1313 puri
321 1228 465 1295 fraudem
493 1228 570 1295 lacit
597 1230 776 1297 mercedem
809 1231 1034 1297 mercennario.
1080 1233 1179 1299 Item
1203 1234 1305 1301 tobi:

177 1332 309 1415 Propter
338 1332 423 1415 quod
452 1332 486 1397 et
513 1333 559 1413 tn,
582 1332 639 1412 fili,
669 1332 765 1417 dilige
788 1333 903 1401 frates
923 1335 1008 1414 tuoe,
1031 1336 1065 1400 et
1085 1335 1150 1401 noli
1172 1339 1306 1419 superbo

178 1436 273 1501 corde
303 1453 396 1519 agere
425 1454 498 1501 cum
525 1435 653 1501 filiabus
680 1435 819 1503 filiarum
850 1438 957 1522 populi
976 1438 1048 1516 ¹tui:
1083 1456 1140 1504 nec
1169 1440 1306 1524 accipian

139 1560 166 1601 ro
179 1557 369 1621 quemquam
394 1557 431 1603 en
453 1538 502 1605 hie
524 1538 555 1603 in
579 1539 773 1606 subiectione
789 1558 888 1606 cauea
902 1540 1026 1623 inopiae
1042 1541 1075 1606 et
1090 1542 1305 1608 necessitatis:

179 1641 325 1725 quoniam
348 1642 380 1707 in
403 1642 552 1725 superbia
573 1641 715 1710 abundat
734 1643 871 1725 perditio
894 1644 927 1709 et
947 1642 1132 1725 infidelitas,
1153 1664 1211 1712 nec
1227 1664 1306 1711 oon-

86 1756 88 1763 “
178 1744 263 1810 eietit
283 1744 407 1812 fortiter
429 1746 480 1810 oui
503 1744 622 1829 gradus
635 1746 668 1811 in
683 1746 803 1812 tabulis
816 1745 938 1831 figitur:
955 1746 1031 1829 qnia
1043 1745 1165 1813 tructus
1181 1748 1305 1815 etellio-

178 1847 270 1917 natne
305 1848 497 1913 decoloratio
532 1849 563 1913 ct
598 1849 804 1917 deminoratio
836 1849 924 1917 uitae
958 1848 1023 1916 eet:
1058 1850 1143 1917 etin
1164 1853 1306 1936 tempore

179 1951 343 2035 augustiae
372 1952 511 2036 captatio
541 1952 721 2035 exiguitatis
751 1952 854 2019 mator
877 1953 926 2019 eet
946 1952 1044 2021 totius
1066 1955 1240 2037 nequitiae:
1274 1956 1307 2020 et

138 2080 165 2121 u
179 2054 426 2119 emolumentum
447 2054 549 2137 turpis
571 2053 652 2120 lucri
674 2054 806 2121 infame
822 2056 992 2139 adquisitio
1009 2058 1128 2124 aeterni
1149 2059 1231 2142 ignia
1247 2061 1303 2124 eet.

179 2158 211 2222 et
231 2158 309 2223 haec
334 2157 488 2237 deuitare,
517 2157 617 2223 redde
644 2159 824 2225 mercedem
854 2160 937 2226 omni
958 2162 1077 2227 homini
1098 2162 1131 2227 in
1154 2161 1205 2227 die
1227 2181 1305 2247 ope·

176 2260 307 2325 rationis
328 2260 486 2327 laboranti
509 2262 585 2344 aput
606 2262 650 2329 te.

176 2470 442 2531 ecclesiastico
475 2488 550 2546 cap.
578 2472 618 2532 V:
648 2472 713 2531 Non
744 2470 824 2531 ledae
858 2488 970 2535 eorunm
998 2476 1168 2548 operantem.
1212 2473 1305 2536 Item
1335 2492 1357 2531 α

177 2572 252 2630 cap.
275 2556 342 2616 XX:
370 2557 425 2626 Qui
454 2556 533 2616 odert
567 2556 734 2616 sacrificium
767 2574 801 2615 ex
834 2559 996 2619 substantia
1029 2561 1162 2634 pauperie
1189 2577 1304 2637 nequo

136 2642 330 2702 aamercedem
351 2644 549 2703 mercennario.
595 2638 657 2724 aa!
679 2642 722 2703 In
743 2643 823 2702 tobi
845 2660 921 2719 cap.
1011 2646 1166 2722 :Propter
1180 2646 1255 2720 quod
1276 2648 1304 2705 et

176 2728 217 2796 tn,
239 2726 290 2797 fili,
314 2727 401 2802 dilige
423 2728 525 2787 iratres
547 2731 612 2787 tuoe
634 2746 746 2803 neque
767 2729 909 2788 laboranti
931 2730 1006 2804 apud
1028 2731 1065 2790 te.

175 2931 302 3008 pauperi,
326 2930 394 3007 quia
414 2946 522 3008 pauper
542 2932 596 2990 eet.
638 2930 679 2991 In
702 2931 971 2993 ecclesiastico
993 2951 1068 3009 cap.
1091 2932 1131 2994 V:
1146 2936 1210 2994 Non
1224 2934 1304 2995 ledae
1331 2955 1357 3013 μ

178 3034 291 3077 seruum
313 3020 482 3093 operantem.
525 3017 615 3077 Item
637 3034 711 3093 cap.
735 3018 799 3077 XX:
823 3017 878 3088 Qui
901 3019 982 3078 offert
1004 3018 1172 3080 sacrificinm
1186 3037 1220 3079 ex
1236 3022 1304 3081 eub-

177 3102 728 3179 etantiepauperieuequemercedem
741 3106 942 3164 mercennario.
979 3104 1112 3165 Intobi
1127 3121 1199 3181 cap.
1294 3125 1303 3164 ε

137 3206 164 3247 ao
178 3186 351 3263 Quicumque
374 3186 482 3263 aliquid
501 3188 555 3248 tibi
578 3191 710 3266 operatae
731 3189 818 3249 fuerit
838 3206 950 3265 neque
974 3191 1049 3266 apud
1069 3194 1098 3250 te
1121 3192 1232 3251 omnino
1247 3207 1304 3252 non

176 3276 297 3333 maneat.

280 3455 294 3507 l
313 3454 392 3510 Eccl'n
411 3456 435 3523 7,
448 3453 482 3509 20
493 3454 544 3523 (221
614 3455 631 3509 3
648 3456 726 3511 Eccli„
746 3455 778 3510 31
793 3456 853 3526 (84),
866 3456 968 3510 24-27
1045 3459 1062 3513 8
1080 3458 1143 3514 Tob.
1162 3460 1187 3524 4,
1202 3459 1235 3513 18

229 3625 335 3680 lledae
354 3626 491 3682 SMVLO
583 3626 680 3695 billio]
698 3628 727 3681 in
745 3628 923 3683 ecclesiastico
941 3628 1059 3685 mbo
1145 3629 1303 3701 4pcrontitl

176 3711 244 3772 cdd.
261 3712 397 3766 uictimam
414 3712 531 3770 mne·
616 3714 657 3767 eui
674 3728 724 3768 coo.
744 3714 781 3769 Μ
783 3713 861 3769 Vno
944 3716 1094 3785 cogentium
1112 3716 1136 3771 S
1218 3716 1303 3772 occe

176 3797 262 3852 eetV
371 3799 440 3853 din
461 3798 520 3853 tobi
542 3799 601 3865 Vn,
631 3800 659 3854 in
682 3798 804 3857 thebio
912 3802 929 3855 9
952 3802 1039 3857 tiliord
1067 3803 1090 3859 0
1190 3804 1304 3873 accipies

176 3884 213 3937 Μ
342 3883 376 3937 10
401 3899 452 3939 on.
480 3885 612 3941 caunac
742 3885 901 3942 lamonia
927 3887 964 3944 S:
998 3886 1098 3942 tabbue
1124 3889 1238 3945 mcc

175 3967 339 4025 stillionatun
357 3968 392 4035 S,
422 3970 578 4025 etalionatue
596 3970 693 4037 leL,
724 3972 796 4027 stilio
812 3973 935 4028 numni)
1034 3975 1068 4029 13
1085 3976 1113 4029 et
1130 3975 1304 4031 deminoratio

176 4053 302 4109 munos
330 4070 382 4110 ooo.
407 4055 431 4111 S
530 4058 687 4111 etuntein
709 4072 759 4113 om.
778 4058 894 4114 Meno
995 4059 1029 4114 14
1050 4061 1304 4130 anguntiaeeteri·

175 4139 286 4208 gnitatie
313 4144 375 4207 (om.
402 4142 531 4212 captatio)
558 4142 673 4198 MVLG
778 4143 812 4197 15
838 4146 1057 4201 aemclumenterm
1083 4147 1131 4202 Sia
1232 4149 1304 4217 turpi

176 4225 273 4281 MV'L
374 4223 444 4297 fame
468 4228 492 4283 S
592 4230 707 4285 murno
728 4234 750 4299 (ι
768 4234 838 4299 rao.)
863 4231 894 4296 S,
924 4234 1048 4287 aeternae
1070 4232 1098 4288 L
1201 4232 1234 4287 16
1260 4232 1306 4303 die

178 4345 201 4401 S
302 4345 334 4398 17
352 4360 402 4401 ooo.
425 4347 558 4403 laboranti
575 4348 603 4406 L
700 4325 798 4422 'opunti
815 4350 886 4420 apud
901 4354 930 4406 te
942 4324 974 4406 'in
992 4354 1035 4409 die
1053 4353 1186 4426 opationia
1206 4354 1230 4409 0

1145 4456 1201 4511 24*
