3159 4967
209 504 219 525 ·
268 435 330 500 212
651 434 677 488 S.
694 435 811 488 Aureli
828 435 1010 502 Augustini

269 620 301 684 et
328 621 451 702 portate
481 611 641 687 dominnm
669 621 702 686 in
729 640 859 704 corporo
888 623 1003 686 uestno.
1063 621 1110 686 De
1139 620 1252 703 quibus
1286 625 1393 690 sutem

268 724 437 805 scripsistis
469 725 556 802 mihi,
590 726 706 790 bonum
737 724 789 796 ost
817 724 935 788 homini
960 723 1125 800 mulierem
1138 765 1142 772 ·
1155 743 1215 790 non
1243 726 1391 810 tangore:

265 829 391 910 propter
413 812 635 894 fornicotiones
659 830 764 894 sutem
782 828 999 909 unusquisque
1015 845 1106 892 susm
1120 846 1249 894 uxorem
1264 831 1391 910 habeat,

268 931 300 996 et
322 951 529 1016 unaquaeqne
551 951 641 996 snum
657 932 761 998 uirum
775 933 901 997 habent.
940 931 1028 996 uxori
1044 931 1093 996 uir
1110 931 1251 998 debitum
1265 932 1392 1012 reddet,

267 1033 412 1100 similiter
435 1038 542 1100 eutem
565 1036 597 1098 ot
617 1053 694 1101 uxor
716 1034 795 1100 uiro.
832 1035 946 1100 mulier
969 1034 1018 1100 sui
1041 1035 1180 1116 corporis
1201 1037 1392 1117 potestatem
1417 1062 1433 1103 ι

265 1155 326 1201 non
363 1139 467 1216 habet
506 1138 562 1203 sed
595 1138 652 1202 uir.
701 1137 847 1202 similiter
880 1139 987 1202 sutem
1021 1137 1054 1202 et
1086 1137 1135 1202 uir
1169 1139 1217 1202 sui
1252 1140 1392 1221 corporis

265 1240 455 1322 potestatem
484 1242 676 1316 nonhabet,
706 1239 764 1304 sed
792 1238 914 1304 mulier.
952 1239 1050 1305 notite
1073 1239 1220 1304 fraudere
1242 1239 1391 1320 inuicem,

265 1343 325 1408 nisi
357 1343 437 1410 forte
473 1363 509 1409 ex
542 1362 696 1410 consensu
730 1343 771 1408 od
803 1344 938 1424 tompus,
968 1343 1004 1408 ut
1026 1342 1147 1410 nocetis
1178 1344 1327 1409 orationi:
1358 1343 1392 1408 et

263 1447 376 1511 iterum
411 1447 605 1513 reuertimini
640 1445 672 1510 in
707 1445 741 1509 id
775 1446 890 1528 ipsum,
928 1463 966 1510 ne
999 1446 1135 1528 temptet
1167 1465 1224 1512 uos
1261 1447 1390 1512 satanas

264 1551 390 1633 propter
416 1549 674 1616 incontinentiam
702 1550 852 1613 uestram.
874 1549 949 1644 'hoo
981 1548 1088 1614 sutem
1117 1549 1187 1614 dico
1217 1549 1390 1614 secundum
1404 1577 1430 1618 so

208 1699 215 1712 .
262 1651 502 1734 indulgentiam,
531 1671 591 1716 non
621 1652 795 1716 secundnm
823 1653 998 1733 imperium.
1038 1651 1110 1717 uolo
1146 1652 1252 1718 autem
1282 1669 1391 1716 omnes

263 1756 405 1821 homines
438 1775 507 1821 esse
545 1755 627 1820 sicut
658 1775 710 1820 me
744 1755 864 1837 ipsum:
899 1755 956 1820 sod
982 1755 1197 1837 unusquisque
1230 1755 1389 1837 psoprium

263 1859 360 1923 habet
381 1859 497 1923 donum
519 1877 556 1923 ex
580 1858 648 1935 deo,
673 1857 753 1922 alins
775 1858 903 1940 quidem
919 1858 974 1934 sic,
1000 1858 1080 1924 alius
1110 1875 1185 1924 uero
1216 1857 1271 1922 sio.
1318 1857 1389 1922 dico

265 1962 371 2026 sutem
387 1979 447 2026 non
463 1961 568 2043 nuptis
581 1962 613 2025 ot
627 1961 747 2040 uiduis²
758 1962 874 2026 bonum
887 1963 936 2027 est
948 1961 1014 2025 illis
1030 1961 1057 2026 si
1072 1962 1117 2026 sic
1132 1962 1290 2038 maneant
1307 1962 1391 2026 sicut

265 2065 297 2128 ct
325 2059 407 2146 ego(
435 2063 518 2146 qnod
546 2065 573 2129 si
597 2081 630 2129 so
653 2081 713 2129 non
735 2065 906 2142 continent,
930 2064 1056 2130 nubent.
1095 2064 1209 2129 melius
1233 2066 1282 2129 est
1305 2064 1388 2130 enim
1402 2091 1426 2130 ιι

262 2165 382 2231 nubere
416 2184 510 2248 quam
543 2167 600 2230 uri.
638 2167 687 2232 his
721 2168 828 2232 sutem
862 2168 916 2249 qui
948 2167 1147 2232 matimonio
1179 2167 1277 2232 iuncti
1317 2169 1389 2232 sunt

263 2268 432 2356 praecisio,
455 2287 515 2334 non
540 2286 608 2351 ogo,
625 2269 682 2333 sed
697 2269 851 2346 dominus,
868 2287 996 2334 uxorem
1013 2269 1114 2335 sniro
1130 2275 1190 2335 non
1207 2269 1387 2336 discedere:
1436 2259 1438 2264 ’

264 2371 392 2453 quodsi
408 2372 600 2450 discesserit
622 2392 750 2438 manere
765 2374 939 2455 innuptam,
957 2373 1012 2436 sut
1025 2373 1093 2438 uiro
1110 2392 1165 2439 suo
1181 2375 1387 2440 reconciliari.

235 2551 238 2556 ¹
263 2475 295 2539 et
309 2475 358 2540 uir
371 2492 500 2540 uxorem
516 2493 575 2540 non
592 2475 740 2540 dimittat.
755 2494 828 2539 nem
844 2475 959 2542 ceteris
976 2493 1034 2558 ego
1051 2475 1132 2554 dico,
1149 2494 1209 2542 non
1227 2477 1386 2542 dominus:

262 2578 290 2642 si
311 2578 381 2660 quis
403 2577 500 2643 trater
522 2597 650 2644 uxorem
671 2579 769 2644 habet
785 2577 956 2656 infidelem,
981 2579 1013 2642 et
1027 2580 1106 2646 haec
1123 2580 1280 2646 consentit
1294 2581 1387 2646 hobi·¹
1401 2613 1426 2652 so

260 2681 329 2745 tare
357 2699 430 2745 cum
456 2681 523 2759 illo,
551 2700 611 2746 non
641 2679 781 2744 dimittat
808 2680 912 2746 illem:
950 2682 1031 2747 etsi
1062 2701 1124 2764 qua
1156 2683 1269 2748 mulier
1291 2683 1388 2750 nabot

260 2783 364 2848 nirnm
396 2783 567 2862 infidelem,
603 2784 636 2847 et
666 2783 717 2848 hic
752 2785 910 2848 consentit
941 2785 1084 2850 habitare
1119 2803 1191 2850 cum
1225 2785 1291 2864 ille,
1327 2805 1387 2850 non

261 2886 402 2952 dimittet
422 2887 535 2950 uinum.
573 2886 789 2952 sanctificatus
813 2888 862 2952 est
880 2888 962 2952 enim
978 2888 1027 2952 uir
1041 2887 1178 2952 infidelis
1200 2888 1232 2953 in
1254 2889 1386 2954 muliere

260 2987 357 3066 fideli,
381 2989 414 3052 st
428 2987 628 3053 sanctificata
642 2990 692 3054 est
707 2989 821 3054 mulier
839 2989 976 3054 infidelis
990 2991 1024 3054 in
1039 2990 1107 3055 uiro
1122 2989 1218 3056 fideli.
1247 2989 1387 3074 alioquin

260 3091 318 3156 filii
339 3081 439 3157 nestri
460 3092 602 3158 inmundi
625 3094 741 3170 essent,
763 3111 845 3158 nunc
876 3096 981 3160 sutem
1005 3093 1107 3158 sancti
1130 3093 1211 3156 sunt
1251 3093 1338 3176 quod
1360 3093 1387 3158 si
1401 3122 1428 3164 so

258 3195 396 3260 infidelis
426 3195 572 3276 discedit,
595 3195 750 3260 discedot.
787 3215 847 3261 non
872 3197 921 3260 est
943 3197 1026 3262 onim
1056 3195 1203 3260 seruituti
1225 3196 1387 3262 subiectus

260 3297 363 3362 frater
380 3298 436 3362 ιιι
458 3315 545 3362 soror
566 3297 599 3362 in
622 3297 786 3374 eiusmodi,
809 3297 840 3362 in
863 3316 942 3380 pace
959 3299 1065 3363 sutem
1080 3297 1209 3363 uocauit
1224 3317 1281 3364 nos
1298 3299 1386 3364 deus.

260 3400 344 3464 nnde
372 3400 455 3464 enim
483 3400 555 3478 scis,
583 3401 707 3478 mulier,
722 3401 764 3464 si
792 3401 895 3465 uirum
926 3401 1050 3468 saluum
1079 3400 1198 3466 tocies?
1226 3402 1280 3466 sut
1302 3402 1386 3467 unde

361 3562 375 3616 1
394 3561 484 3618 1001.
503 3563 528 3625 7,
548 3563 632 3616 1-40

310 3709 586 3779 ldominnm1denm
603 3711 670 3767 RSo
771 3709 910 3764 thomme
928 3710 960 3766 8¹
1063 3710 1165 3764 muhsn
1183 3708 1221 3762 M
1319 3711 1386 3762 ‘non

258 3811 374 3864 ‘tangere
400 3796 516 3850 mulsere
541 3797 564 3851 S
663 3797 680 3850 3
706 3795 914 3850 fomscnnonem
941 3796 996 3851 Sao
1099 3800 1258 3865 unnrqmquc
1282 3795 1320 3847 M

256 3904 303 3951 rui
328 3913 419 3951 uixere
445 3898 484 3952 M
582 3883 781 3967 dnnnqm‘que
806 3903 827 3965 (s
842 3897 909 3952 add.
928 3899 963 3952 ai.
982 3898 1028 3969 m.)
1054 3898 1092 3952 M
1192 3897 1386 3965 5posedrsse

258 3985 303 4040 M·
398 3983 528 4054 dnebest
545 3984 583 4038 M
677 3985 764 4038 uerbo
782 3983 831 4038 sed
847 3985 1045 4038 uir-—non
1061 3982 1144 4037 habet
1162 3998 1212 4036 ons.
1231 3981 1316 4036 ΜΨ*

257 4102 275 4156 9
291 4117 466 4156 renensmnm
484 4099 523 4158 so
613 4103 645 4158 14
663 4106 705 4157 est
722 4119 772 4157 om.
793 4103 829 4158 Ρι
915 4077 1001 4160 ιιιιῖιι
1019 4103 1046 4168 S,
1073 4103 1316 4173 permansionem·

258 4188 292 4242 15
308 4203 362 4240 non
378 4193 404 4241 to
421 4188 507 4244 RSoo
605 4188 755 4244 nnbcnsS
855 4189 888 4242 18
905 4189 1073 4244 reconciliare
1093 4190 1116 4244 S
1210 4188 1242 4242 19
1261 4190 1385 4258 nonpr.1

258 4289 309 4328 oso.
328 4273 351 4327 S
444 4273 478 4326 23
494 4288 551 4327 mro
570 4274 616 4327 M¹
710 4273 745 4328 24
761 4291 790 4327 ιι
808 4289 892 4330 uirum
910 4275 965 4342 (um
982 4291 1016 4330 coc
1035 4292 1049 4328 o
1069 4291 1140 4330 coss.
1159 4276 1205 4346 M)
1223 4273 1331 4329 fidelem
1349 4275 1388 4330 M

257 4360 315 4423 ΡΟ,
341 4373 462 4430 penum
477 4357 585 4413 fidelem
603 4361 659 4414 Sao
760 4359 794 4415 26
812 4366 949 4414 ιιιιιτιτο
967 4361 991 4416 S
