3159 4967
259 463 323 532 328
482 465 530 518 De
548 463 676 517 diuinis
694 462 878 532 scripturis
894 463 967 516 sinc
984 459 1166 531 Speculum.

259 655 345 721 neris
378 654 410 720 et
431 653 564 718 sotiatus
595 651 700 730 fueris,
731 669 811 716 cene
838 651 900 715 tibi
929 669 969 714 ne
999 649 1199 716 obliuiscaris
1228 647 1392 713 dominum

261 755 355 822 deum
376 757 478 835 tuum,
495 757 547 839 qui
567 755 675 820 eduxit
690 755 724 819 te
739 754 779 819 de
794 755 882 819 terre
897 754 1033 838 aegypti,
1050 754 1091 820 dc
1106 753 1202 821 dorne
1216 752 1390 818 seruitutis.

261 859 421 926 dominum
445 860 540 925 deum
560 861 651 923 tuum
674 859 802 924 timebis
824 857 858 922 et
885 856 935 921 illi
956 857 1016 922 soli
1038 858 1159 923 seruies
1182 855 1215 920 et
1237 854 1278 921 sd
1297 855 1390 926 illum

259 963 385 1029 heretis
408 964 440 1028 ct
461 963 585 1029 nomine
601 963 668 1027 eins
683 963 812 1027 iurabis.
851 963 954 1026 Item
975 960 1087 1025 illic:
1111 959 1280 1027 Custodies
1293 977 1392 1042 prse-

261 1068 354 1150 cepte
376 1067 493 1133 domini
516 1067 568 1132 dei
588 1066 646 1145 tui,
669 1065 852 1131 testimonie
868 1061 936 1130 eius
958 1064 991 1129 et
1012 1065 1152 1129 iustitias
1174 1081 1393 1146 quascumque
1417 1084 1432 1124 r

260 1171 422 1255 praecepit
451 1171 525 1237 tibi:
556 1170 589 1235 et
617 1168 716 1234 tocies
746 1169 831 1253 quod
859 1169 977 1234 bonum
1008 1169 1042 1232 et
1069 1167 1223 1250 placitum
1246 1167 1295 1231 est
1317 1166 1393 1230 ente

262 1274 423 1340 dominum
456 1274 550 1339 deum
578 1273 680 1351 tuum,
710 1272 746 1336 ut
766 1272 847 1337 bene
869 1271 929 1336 tibi
951 1271 1002 1337 sit.
1039 1270 1141 1336 Item
1162 1269 1273 1335 illice
1295 1269 1338 1334 dt
1358 1268 1393 1332 in

261 1377 400 1466 urentem
421 1377 552 1444 hebebis
575 1393 700 1442 curnem
722 1375 819 1454 niem,
843 1392 939 1457 quun
955 1372 1088 1438 sddurit
1101 1374 1135 1438 te
1151 1373 1296 1438 dominus
1311 1372 1393 1437 deus

261 1483 335 1546 tuus
364 1482 396 1547 in
427 1480 562 1560 deserto,
592 1479 629 1544 ut
658 1479 762 1546 omnis
793 1477 951 1562 experirer
981 1477 1015 1541 st
1042 1477 1214 1559 temptaret
1233 1477 1277 1554 te,
1301 1475 1335 1539 et
1355 1477 1394 1537 ut

263 1584 478 1650 dinosceretur
508 1603 562 1652 cor
591 1583 692 1662 tuum,
723 1601 762 1646 nn
793 1601 870 1649 nere
892 1579 1110 1646 custoditurus
1132 1599 1220 1646 esses
1240 1577 1395 1644 mandute
1408 1599 1435 1639 o

261 1687 348 1754 iliius
378 1707 416 1752 en
447 1706 516 1752 non.
556 1687 588 1750 et
616 1685 689 1750 ideo
719 1685 825 1750 omnia
846 1684 933 1749 maie
955 1684 1102 1766 expertus
1125 1701 1175 1748 cs:
1199 1681 1232 1747 ct
1254 1681 1393 1757 esuristi,

263 1792 296 1856 et
318 1790 407 1856 dedit
426 1790 485 1856 tibi
509 1807 615 1855 escenr
636 1807 795 1868 mennam,
823 1807 918 1871 quem
940 1806 1002 1852 non
1024 1786 1178 1853 nonerunt
1198 1786 1307 1868 putres
1327 1784 1393 1848 tui:

262 1895 299 1958 nt
329 1893 529 1960 adnuntiaret
555 1892 624 1971 tibi,
655 1892 739 1975 qued
768 1911 830 1958 nou
858 1892 891 1956 iu
919 1909 1001 1974 pene
1031 1891 1112 1956 uiuut
1141 1891 1235 1955 homo
1256 1887 1393 1963 tuntum,

211 2143 248 2202 α’
264 2139 302 2197 Et
330 2154 393 2197 cum
420 2137 634 2197 menduceueris
663 2139 692 2195 et
721 2137 866 2195 saturatus
896 2135 985 2194 fueris
1013 2151 1127 2208 usque
1147 2135 1177 2192 et
1197 2133 1309 2191 nomine
1330 2135 1395 2192 eius

264 2225 380 2284 iurabis.
418 2226 505 2282 Item
527 2224 595 2281 ibi:
626 2222 773 2281 custodies
795 2223 946 2296 praecepte
967 2220 1073 2280 domini
1095 2219 1140 2278 dei
1160 2220 1205 2278 tui
1225 2235 1341 2292 usque
1363 2221 1397 2276 ut
1412 2235 1437 2274 ιε

264 2312 334 2372 bene
364 2311 403 2370 eit
430 2310 492 2369 tibi.
535 2309 624 2369 Item
652 2325 725 2382 cap.
753 2307 822 2366 XII:
851 2307 890 2366 Et
915 2306 1106 2366 recordaberis
1128 2305 1222 2364 cuncti
1246 2299 1396 2385 (cunctis)

263 2396 374 2456 itineris
404 2413 455 2471 per
484 2395 560 2469 quod
588 2393 705 2453 adduxit
732 2396 761 2452 to
783 2393 913 2452 dominus
935 2391 1005 2451 dene
1026 2393 1093 2450 tuus
1114 2408 1228 2465 usqne
1250 2390 1395 2449 ambulare

212 2659 237 2717 μ
255 2637 301 2695 ut
323 2654 407 2712 quum
430 2633 581 2694 comederis
603 2636 632 2692 et
653 2633 798 2692 saturatus
820 2632 907 2690 fueris
933 2647 1046 2705 usque
1068 2648 1102 2690 ec
1123 2648 1173 2706 per
1193 2646 1294 2689 nomen
1316 2629 1395 2688 illins

240 2723 381 2802 iurabis.
423 2723 509 2780 Item
540 2721 575 2778 in
605 2718 722 2778 eodem
745 2735 834 2792 cap:
857 2717 974 2776 Custodi
996 2732 1064 2790 ergo
1085 2718 1234 2791 praecepte
1255 2717 1284 2774 et
1306 2714 1393 2774 caeri-

264 2809 373 2868 moniae
396 2810 480 2881 etque
502 2805 607 2865 iudicia
629 2821 700 2878 quae
722 2820 775 2878 ege
801 2803 903 2863 mendo
925 2802 979 2860 tibi
1000 2802 1083 2860 hodie
1104 2804 1137 2860 ut
1158 2802 1258 2862 tucius.
1302 2801 1393 2859 Item
1407 2813 1437 2854 se

240 2893 361 2962 illic:
391 2893 429 2950 Et
450 2891 640 2950 recordaberis
662 2891 756 2948 cuncti
778 2889 890 2947 itineris
911 2906 962 2962 per
983 2888 1057 2960 quod
1079 2886 1195 2945 adduxit
1215 2889 1244 2946 te
1266 2886 1395 2945 dominus

368 3135 386 3185 4
403 3133 483 3188 Dent.
501 3133 526 3194 6,
548 3131 579 3184 17
599 3135 627 3184 et
644 3131 678 3185 18
781 3132 796 3184 7
816 3131 895 3186 Dent.
913 3131 938 3198 8,
956 3131 1024 3184 2-6

304 3365 332 3430 1
352 3379 416 3416 cene
434 3363 469 3416 M
473 3362 559 3418 VLC:
587 3361 659 3416 ‘fene
678 3363 720 3432 (ier
734 3379 821 3432 marp.
836 3364 850 3402 Ἰ
861 3363 889 3416 ei
907 3378 971 3416 caue
989 3363 1056 3417 add.
1069 3381 1103 3416 m.
1115 3363 1146 3432 2)
1166 3361 1188 3414 S
1270 3361 1395 3430 degypti

270 3453 302 3516 V,
330 3450 455 3520 egiptiG
547 3448 616 3502 ded
634 3450 670 3502 M
673 3449 730 3504 VC:
758 3448 836 3502 udtttti
853 3448 895 3514 (he
913 3453 994 3513 erus.)
1016 3451 1046 3514 V,
1075 3447 1151 3502 ebS
1241 3445 1396 3500 teherebis

237 3565 242 3602 ς
268 3537 291 3592 S
391 3535 418 3590 in
441 3536 547 3590 neruine
571 3535 597 3590 L
700 3535 762 3604 illic]
785 3535 815 3588 in
839 3535 947 3590 deutero
964 3535 1080 3589 nomiurn
1103 3534 1141 3590 Μ
1143 3532 1203 3601 VO,
1229 3534 1257 3586 in
1276 3532 1396 3587 deutero-

266 3623 354 3676 nomio
373 3622 408 3684 L,
428 3623 468 3676 sic
480 3621 561 3688 iufra
649 3619 781 3674 custodies
800 3621 928 3677 MVLG:
951 3637 1001 3676 om.
1021 3621 1044 3676 S
1127 3621 1143 3672 5
1161 3620 1210 3688 tui]
1229 3619 1296 3674 cdd.
1315 3621 1344 3672 ct
1360 3619 1399 3672 Μ

270 3708 345 3766 VLC
456 3711 483 3761 et
509 3708 635 3778 iustitias]
663 3723 713 3763 om.
746 3708 776 3770 V,
808 3709 876 3764 add.
902 3709 958 3761 eius
986 3707 1073 3761 ΜΗ]
1173 3713 1261 3774 qecdq3
1291 3705 1327 3758 V¹

268 3796 284 3848 6
307 3795 418 3864 precipit
442 3794 468 3847 L
571 3795 587 3846 7
611 3793 688 3847 deum
707 3809 757 3848 om.
776 3792 804 3846 L
905 3793 1029 3847 8urente
1051 3791 1102 3846 Vn
1201 3805 1343 3859 perquem
1361 3790 1399 3843 Μ

271 3879 349 3936 VLG
366 3879 412 3948 (cf.
432 3881 459 3947 c)
563 3881 631 3934 9ut
649 3880 737 3934 omniu
754 3879 852 3935 Mne:
879 3880 907 3932 et
924 3880 1013 3932 omnin
1035 3879 1066 3942 V,
1094 3879 1122 3930 et
1140 3877 1228 3930 omniu
1243 3881 1247 3944 Ι
1263 3878 1291 3930 et
1308 3877 1397 3930 omniu

268 3965 291 4019 S
443 3967 570 4034 experirer
598 3965 635 4019 M
638 3966 736 4021 wne:
766 3966 890 4035 experiris
918 3965 952 4029 S,
983 3963 1143 4034 experiretur
1172 3963 1215 4034 V‘,
1245 3963 1396 4031 experireris

267 4051 334 4105 diui
418 4051 467 4105 ott.
486 4054 516 4104 ut
535 4068 585 4107 om.
604 4051 641 4105 Μ
644 4051 718 4106 VLG
805 4051 836 4104 10
854 4051 1006 4104 dinoscetur
1024 4049 1053 4116 S,
1080 4051 1280 4118 cognosceretur
1296 4047 1396 4109 ΜΠ,

268 4137 472 4206 cognoscerint*
571 4153 633 4192 uere
651 4131 701 4193 ort.
722 4136 836 4192 MVLc
937 4136 967 4189 11
989 4137 1033 4204 en]
1050 4137 1099 4188 eut
1115 4134 1205 4189 ΜΠ
1307 4134 1398 4186 omnia

267 4221 327 4276 idco
350 4223 376 4278 V
467 4223 500 4278 12
518 4222 622 4279 dedis
709 4225 839 4278 nonerunt
857 4227 882 4290 (s
899 4239 934 4276 ex
951 4239 969 4275 n
986 4222 1110 4276 correxit
1127 4221 1321 4289 recuperem,
1337 4235 1396 4272 nou

268 4309 400 4377 secundo)
421 4307 444 4362 S
543 4309 576 4363 13
593 4326 662 4380 pene
681 4311 736 4364 eolo
755 4310 793 4362 M
794 4309 845 4362 VL
872 4309 938 4378 (eolo
956 4322 977 4361 s.
997 4307 1045 4362 tire.
1066 4307 1132 4361 add.
1151 4323 1185 4360 m.
1200 4323 1246 4375 pr.
1269 4306 1312 4374 V),
1338 4304 1395 4358 solo

267 4409 335 4462 pene
354 4394 391 4448 Co
492 4395 566 4448 uiuet
584 4395 646 4449 ML
748 4398 854 4448 tentum
871 4409 922 4447 om.
940 4392 1070 4447 mede
