3159 4967
291 428 334 495 14
680 426 707 482 S.
724 427 846 482 Aureli
863 426 1047 499 Augustini

289 618 407 684 uester.
453 616 551 684 nolito
574 615 679 682 iacere
703 615 824 699 aliquid
845 616 987 700 iniquum
1009 616 1042 682 in
1056 616 1185 696 iudicio,
1207 616 1239 682 in
1254 617 1376 701 regula,
1400 617 1433 682 in

291 720 440 807 pondere,
471 721 681 786 inmensura
728 719 849 785 statera
875 720 961 785 iusta
994 720 1026 784 ct
1055 738 1158 803 acqua
1186 720 1249 786 sint
1276 719 1434 804 pondata:

290 824 395 890 iustus
416 822 552 901 modius,
585 841 705 907 aequus
728 822 893 891 semanno.
939 842 998 907 ogo
1030 822 1175 890 domiuus
1205 823 1284 891 deus
1313 825 1432 904 uester,

292 928 348 1013 qui
373 926 465 992 eduxi
488 945 545 992 uos
577 924 616 993 de
643 926 732 993 terra
752 926 897 1011 Aegypti
943 926 1101 994 custodite
1131 927 1235 993 omnia
1262 928 1435 1012 praccepta

293 1048 368 1095 mea
383 1031 416 1096 et
431 1030 580 1095 uniuersa
593 1028 723 1110 indicia,
748 1029 780 1095 et
795 1029 890 1094 facite
907 1047 954 1095 ea
994 1048 1053 1113 ogo
1076 1028 1231 1096 dominus.
1269 1028 1431 1099 Locutus·
1463 1056 1478 1095 a

294 1152 357 1217 que
394 1134 443 1199 ast
485 1132 630 1197 dominus
671 1132 711 1197 ad
744 1132 877 1216 Moysen
905 1131 1029 1199 dicens:
1062 1134 1141 1198 haec
1181 1133 1320 1216 loqueris
1357 1132 1433 1199 tiliis

293 1234 435 1303 Israhel:
458 1236 553 1301 homo
585 1234 624 1301 dc
653 1233 728 1299 filiis
759 1233 881 1300 Israhel
910 1234 943 1299 ct
972 1234 1012 1300 de
1042 1234 1175 1300 aduenis
1206 1235 1261 1319 qui
1289 1235 1435 1302 habitant

295 1339 329 1405 in
350 1337 483 1418 Israhel,
507 1338 535 1404 si
559 1338 629 1422 quis
653 1336 777 1403 dederit
800 1336 840 1402 da
863 1337 982 1404 semine
998 1355 1055 1403 suo
1069 1336 1156 1403 idolo
1170 1338 1310 1417 moloch,
1332 1338 1434 1406 morte

292 1441 462 1507 moriatur:
486 1442 619 1526 populus
642 1440 746 1505 terrac
767 1439 926 1523 lapidabit
948 1457 1037 1504 eum:
1060 1439 1093 1505 et
1115 1459 1174 1525 ego
1189 1459 1304 1524 ponam
1319 1440 1434 1506 facicm

293 1563 399 1611 meam
428 1546 537 1610 contra
564 1544 655 1611 illum
685 1542 912 1625 succidamque
941 1561 1013 1607 cum
1043 1541 1216 1610 demedio
1243 1543 1351 1629 populi
1373 1544 1434 1616 sui,
1450 1569 1477 1607 1o

296 1666 333 1713 co
366 1646 451 1731 quod
481 1646 605 1712 dederit
634 1646 673 1711 dc
703 1645 823 1713 semine
853 1665 909 1711 suo
945 1645 1073 1711 hloloch
1107 1648 1140 1711 ct
1172 1643 1437 1712 contaminanerit

294 1749 512 1815 sanctuarium
534 1766 641 1813 mcum
671 1749 703 1813 ct
724 1748 875 1833 polluerit
896 1767 1011 1815 nomen
1033 1750 1178 1815 sanctum
1199 1768 1315 1815 meum.
1350 1748 1437 1831 quod

294 1854 324 1919 si
346 1852 518 1937 neglegens
541 1851 675 1935 populus
697 1850 802 1916 terrac
832 1852 864 1916 ct
894 1850 985 1934 qnasi
1006 1850 1238 1935 paruipcndens
1268 1852 1436 1935 imperium

294 1973 404 2020 mcum
433 1954 589 2019 dimiserit
617 1953 786 2032 hominem,
817 1952 870 2036 qui
901 1952 990 2018 dedit
1012 1954 1052 2019 da
1074 1954 1195 2019 somine
1217 1973 1274 2021 sno
1296 1954 1436 2020 Moloch,

297 2075 355 2123 nec
371 2056 509 2122 uoluerit
524 2076 596 2121 cum
612 2055 773 2135 occidere,
789 2074 904 2141 ponam
916 2055 1032 2122 facicm
1046 2075 1152 2123 meam
1166 2077 1262 2145 super
1276 2058 1436 2125 hominem
1452 2081 1477 2121 ιε

295 2161 389 2227 illum
420 2161 452 2225 et
479 2160 700 2244 cognationem
730 2160 798 2224 olus
834 2159 1059 2244 succidamque
1090 2162 1123 2226 ct
1144 2161 1249 2246 ipsum
1272 2162 1305 2227 et
1327 2180 1436 2229 omnes

296 2264 353 2347 qu'i
375 2263 601 2328 consenserunt
623 2262 662 2342 ci,
692 2263 729 2327 ut
757 2260 985 2328 fornicarentur
1014 2282 1088 2329 cum
1110 2264 1238 2329 Moloch
1267 2262 1437 2330 demedio

298 2364 407 2451 populi
431 2366 488 2431 sni.
536 2366 650 2443 anima,
676 2383 756 2449 quac
781 2365 990 2432 declinauerit
1013 2367 1053 2431 ad
1070 2385 1182 2450 magos
1205 2368 1238 2431 et
1264 2366 1379 2433 ariolos
1405 2368 1438 2433 et

295 2467 453 2534 fornicata
473 2467 569 2533 fucrit
591 2487 664 2534 oum
688 2469 748 2548 cis,
771 2488 886 2554 ponam
908 2467 1024 2535 taciem
1045 2488 1150 2535 meam
1172 2470 1283 2535 contra
1310 2488 1381 2536 eam
1404 2470 1438 2534 ct

297 2572 487 2638 interficiam
508 2570 598 2637 illam
621 2572 660 2638 de
675 2572 781 2639 modio
796 2570 903 2658 populi
918 2572 977 2637 sni.
1015 2571 1256 2638 sanctificamini
1279 2573 1312 2637 et
1333 2572 1436 2639 estote
1449 2595 1479 2635 eo

299 2676 419 2741 sancti:
449 2674 524 2759 quia
553 2692 611 2759 ego
643 2673 788 2740 dominus
818 2674 895 2739 dens
923 2674 1040 2739 uester.
1085 2673 1244 2739 custodite
1265 2674 1437 2759 praecepta

299 2798 373 2844 mea
395 2779 428 2843 ct
449 2778 545 2843 facite
570 2798 616 2843 ca
656 2796 714 2861 ago
731 2776 876 2843 dominns
899 2776 953 2859 qui
968 2774 1132 2843 sanctifico
1146 2795 1214 2842 nos.
1253 2777 1307 2861 qui
1331 2777 1436 2843 malc-

299 2880 416 2945 dixcrit
437 2880 519 2964 patri
543 2898 601 2945 suo
625 2880 681 2944 aut
702 2880 807 2957 matri,
834 2878 937 2944 morte
964 2877 1125 2944 moriatur.
1171 2878 1254 2963 patri
1279 2879 1436 2963 matrique

299 2982 481 3061 maledixit,
517 2980 647 3065 sanguis
676 2980 745 3045 cius
773 2980 816 3045 sit
843 2998 937 3064 super
959 2999 1041 3045 cum.
1086 2980 1113 3045 si
1134 2981 1321 3047 moechatus
1343 2980 1438 3045 fucrit

299 3086 446 3149 nircum
468 3102 563 3151 uxore
587 3084 717 3149 alterins
740 3084 773 3149 ct
796 3083 986 3151 adulterium
1008 3085 1237 3167 perpetrauerit
1259 3105 1332 3151 cum
1358 3103 1436 3151 con·
1449 3107 1480 3147 aa

299 3190 375 3272 iuge
398 3188 530 3273 proximi
554 3187 618 3264 sui,
653 3187 755 3253 morto
783 3187 957 3253 moriantur
987 3187 1019 3251 ct
1045 3188 1196 3253 moechus
1225 3189 1259 3253 et
1281 3188 1435 3253 adultera

302 3292 356 3375 qui
393 3291 556 3357 dormierit
585 3309 657 3355 cum
686 3307 823 3355 nouerca
851 3308 910 3355 sua
943 3290 976 3355 et
1009 3289 1200 3356 reuelancrit
1232 3291 1435 3377 ignominiam

300 3393 491 3479 patrissui,
524 3394 626 3458 morto
655 3392 830 3458 moriantur
854 3393 961 3459 ambo:
997 3392 1126 3477 sanguis
1149 3410 1258 3459 comm
1281 3394 1323 3461 sit
1343 3409 1437 3477 super

337 3685 436 3739 illins
451 3683 482 3739 θ’
546 3682 866 3753 SaequutqueP¹G¹Sao
929 3680 1127 3737 51udroramea
1139 3684 1203 3739 MP
1261 3682 1437 3753 lcquurulque

306 3772 339 3836 P,
358 3770 446 3842 loqur’
465 3770 493 3827 R
579 3765 773 3823 'lhnbrrarS
858 3767 1006 3822 8hrirahcl
1024 3767 1072 3822 M¹
1157 3768 1189 3823 11
1227 3768 1260 3823 dc
1278 3775 1375 3823 femine
1391 3772 1436 3821 hro

301 3857 412 3913 dederit
432 3874 451 3911 o
539 3856 572 3909 14
590 3854 682 3910 horem
699 3852 748 3909 uin
764 3854 794 3910 R
864 3853 908 3923 qui
925 3852 1009 3924 dedit]
1027 3870 1078 3909 cm.
1097 3854 1146 3908 PS
1224 3854 1268 3925 qui
1291 3854 1351 3909 ded.
1375 3852 1439 3908 ds.

303 3959 324 3997 s.
342 3943 388 4013 hh]
408 3958 467 4007 cra,
487 3940 536 3997 sed
555 3946 597 3995 eat
614 3955 722 3994 rasura
738 3944 774 3995 16
793 3939 846 3993 litt.
868 3938 891 3993 0
996 3937 1152 3993 molochen
1170 3956 1241 3995 corr.
1260 3940 1327 3995 odd.
1346 3939 1375 3995 P

303 4029 338 4083 15
362 4044 395 4082 nc
420 4028 452 4083 0¹
557 4027 623 4096 cum]
652 4041 704 4080 om.
728 4024 756 4081 R
873 4024 904 4077 17
923 4028 1102 4077 consenserint
1120 4024 1175 4080 RS
1199 4025 1269 4094 (cod.
1293 4026 1369 4092 Am.)

303 4112 502 4169 torroreffl
572 4112 603 4166 21
625 4112 782 4181 egoicllt
802 4109 1107 4179 egotancrutfumOo
1182 4110 1376 4179 itantltcS

303 4202 338 4254 24
359 4215 403 4269 qm
421 4197 593 4254 mmohrem
613 4201 649 4263 R,
670 4215 713 4269 qm
730 4196 872 4253 maledrnr
892 4212 912 4249 a
1005 4196 1149 4251 mechatus
1162 4196 1191 4251 a
1293 4194 1374 4250 tuerit
1391 4197 1438 4266 uir]

306 4292 364 4356 qurt
378 4284 463 4339 suerri
484 4285 519 4339 So
617 4284 651 4338 25
668 4285 799 4357 optarant
819 4286 846 4351 (a
862 4283 895 4337 ior
912 4280 1027 4349 raa.)S
1117 4281 1375 4351 commemores

302 4371 340 4425 28
357 4387 433 4441 pam
452 4377 497 4426 hro
515 4373 561 4426 Mn
