3159 4967
652 432 834 503 Speculum.
869 402 882 425 ⁴
1290 441 1313 507 5

178 641 280 701 sum,
303 621 354 701 ut,
378 621 567 704 quantum
588 640 647 685 me
671 622 766 687 deus
783 622 967 702 adiuuat,
992 626 1118 690 omnia
1139 626 1244 691 talia
1266 627 1311 692 de

180 724 389 791 canonicis
410 722 529 789 libris
552 722 744 808 colligam
774 726 908 810 atque,
940 725 983 790 ut
1010 727 1133 793 facile
1162 729 1312 812 inspici

179 830 352 913 possint,
389 828 427 892 in
464 846 580 892 unum
618 828 816 910 tamquam
849 819 1059 911 speculum
1092 850 1310 916 congeram.

181 932 361 1015 oportuit
391 932 491 997 enim
514 931 570 995 sic
606 949 650 996 ea
680 930 772 1014 poni
802 933 847 997 ab
876 931 1111 1001 auctoribus
1141 937 1311 1016 nostris,

152 1035 506 1119 aquemadmodum
527 1036 662 1118 posita
684 1036 790 1115 sunt,
819 1035 862 1101 nt
890 1038 1110 1121 praecepta
1138 1040 1311 1106 narrati-

181 1140 322 1205 onibus
356 1140 420 1204 uel
455 1138 815 1222 disputationibus,
852 1140 1029 1222 propriis
1062 1141 1241 1224 figurata
1275 1144 1313 1207 et

179 1242 1313 1328 figuratispropriamiscenentur‚dumrerumgestarum

180 1346 277 1413 ordo
312 1347 506 1413 seruatur
538 1348 609 1445 ,aut
634 1346 903 1431 respondetur
937 1347 1117 1415 aduersis
1151 1349 1218 1415 aut
1246 1350 1313 1433 qui

181 1448 356 1515 docendi
379 1450 468 1517 eunt
489 1450 745 1517 instruuntur
774 1451 841 1514 aut
870 1450 1117 1516 occultorum
1138 1451 1311 1517 inuenti-

137 1572 251 1619 soone
289 1552 578 1637 quodammodo
614 1554 865 1619 renodantur
899 1553 939 1618 hi
976 1553 1041 1637 qni
1077 1555 1235 1637 promta
1272 1557 1311 1619 et

180 1657 324 1741 aperta
345 1657 573 1723 fastidiunt.
619 1674 688 1722 nos
712 1656 841 1721 autem
862 1656 899 1722 in
922 1658 992 1722 hoc
1016 1676 1132 1740 opere
1162 1675 1231 1722 nee
1254 1657 1312 1722 in·

178 1759 344 1839 fidelem
366 1760 433 1841 uel
457 1759 693 1825 adducimus
714 1760 781 1825 uel
811 1759 1079 1826 aedificamus
1103 1759 1311 1839 adsidam,

179 1882 250 1929 nec
284 1882 511 1929 exercemus
542 1862 777 1945 quibusdam
811 1862 1045 1928 salubribus
1083 1862 1312 1931 difficulta-

178 1965 290 2032 tibus
323 1966 528 2050 ingenium
561 1964 910 2049 intentionemque
945 1965 1206 2045 discentium,
1244 1966 1313 2033 sed

137 2086 265 2135 usum
288 2070 354 2153 qui
375 2070 451 2134 iam
474 2068 641 2136 credens
664 2069 858 2135 oboedire
881 2069 953 2135 deo
975 2068 1170 2149 noluerit,
1192 2068 1311 2135 uthic

180 2193 221 2240 se
257 2174 470 2257 inspiciat,
510 2174 775 2253 admonemus,
822 2175 1087 2258 quantumque
1123 2173 1163 2239 in
1197 2174 1312 2241 bonis

179 2278 352 2345 moribus
386 2278 657 2362 operibusque
688 2276 914 2361 profecerit
945 2278 984 2343 et
1016 2278 1202 2361 quantum
1235 2276 1313 2342 sibi

181 2381 303 2460 desit,
329 2381 529 2446 adtendat.
576 2380 632 2446 sic
666 2381 772 2446 enim
803 2380 939 2463 potest
971 2382 1011 2446 et
1044 2381 1091 2447 de·
1116 2381 1181 2447 his
1215 2400 1313 2464 quae

179 2484 304 2550 habet
324 2485 482 2568 gratias
506 2502 622 2567 agere
652 2481 690 2548 et
713 2483 757 2548 de
791 2483 853 2548 his
883 2502 983 2566 quae
1011 2483 1243 2563 nonhabet,
1271 2485 1314 2551 ut

134 2588 346 2667 ”babeam
390 2586 492 2653 satis
533 2605 650 2671 agere
700 2604 742 2651 ac
783 2587 945 2669 propter
983 2585 1063 2651 illa
1101 2585 1312 2667 seruanda,

179 2692 343 2775 propter
364 2692 461 2756 haec
486 2688 751 2774 adipiscenda
774 2706 905 2754 curam
927 2707 1147 2773 precesque
1170 2688 1313 2755 fidelis

179 2795 349 2878 pietatis
373 2794 573 2861 adhibere.
617 2793 655 2857 in
676 2792 745 2857 his
775 2792 905 2857 autem
927 2792 1106 2858 omnibns
1129 2810 1229 2875 quae
1251 2791 1312 2857 in-

180 2897 389 2982 spicienda
421 2913 567 2982 ponere
603 2895 781 2974 institui,
825 2913 1094 2978 quaecumque
1130 2893 1235 2960 inter
1272 2912 1313 2961 se

179 3000 423 3067 uidebuntur
445 3016 532 3066 esse
555 2998 775 3077 contraria,
798 2996 1313 3082 posteapropositisquae·

136 3104 383 3170 ¹5stionibus
419 3101 651 3185 exponenda
685 3102 803 3184 atque
836 3101 1030 3167 soluenda
1065 3101 1165 3168 sunt
1216 3118 1313 3167 sane

180 3206 499 3290 suppliciamale
514 3204 709 3271 factorum
732 3205 957 3288 etpraemia
978 3203 1087 3271 recte
1102 3202 1312 3281 factorum,

180 3309 361 3392 quamuis
390 3306 580 3375 nonnulla
613 3307 957 3376 commemoranda
986 3305 1312 3384 existimauerim,

178 3412 369 3477 tamenin
392 3411 750 3477 nouotestamento
767 3409 1210 3476 dissimiliaueteribus
1226 3425 1313 3474 esse

179 3515 267 3597 quis
289 3515 465 3581 nesciat?
510 3515 555 3580 ab
588 3513 675 3597 ipsa
702 3513 829 3597 igitur
855 3513 963 3596 lege,
998 3530 1100 3595 quae
1131 3510 1226 3579 data
1253 3510 1315 3577 est

230 3734 413 3809 dspecoldt'
512 3733 741 3804 oqueamodto
842 3732 987 3803 tpropliis
1004 3731 1130 3804 figmata]
1154 3732 1250 3788 συιδ

177 3830 195 3881 7
214 3827 238 3881 si
254 3823 375 3895 figuratis
387 3822 447 3878 eod.
464 3822 526 3877 Vct.
544 3820 693 3891 Eacqippii,
710 3820 734 3874 si
750 3820 875 3889 figurata,
892 3818 1013 3888 agnam
1030 3817 1148 3875 coalent
1158 3818 1248 3873 Kosa

177 3910 419 3982 dnemonderetnr
436 3906 507 3961 MP*
576 3905 763 3961 9ooulton1m
779 3904 841 3960 Mo
909 3904 997 3959 lllbn
1016 3904 1074 3967 GR,
1091 3902 1181 3969 ΜΡ,
1205 3902 1248 3957 lu*
1269 3903 1314 3966 M,

176 3999 273 4057 oms
347 3994 434 4065 prise
451 3992 495 4061 M,
511 4008 640 4062 prompta
657 3992 685 4048 P
761 3992 794 4045 14
811 3994 1030 4059 intonationem
1047 3990 1087 4049 M
1170 3989 1204 4051 lb
1220 3989 1262 4043 *ia
1278 3989 1319 4045 Μ

180 4090 214 4144 1e
226 4084 354 4143 amonem'
372 4082 427 4148 Ml,
446 4084 624 4136 ammonemur
638 4077 736 4133 PM'O
812 4078 844 4132 ll
857 4076 957 4147 opcnb,
974 4074 1095 4145 monb,q,
1114 4074 1138 4131 S
1201 4075 1313 4145 plicant

177 4172 287 4229 Mms
387 4171 420 4225 18
439 4166 574 4222 adtendit
594 4162 627 4219 θ’
697 4164 730 4218 19
748 4164 782 4218 de
800 4179 833 4218 aa
851 4162 943 4233 quqS
1041 4162 1077 4217 20
1094 4159 1179 4215 abeat
1198 4161 1246 4217 M*

179 4256 321 4314 tenuandas
350 4258 386 4327 (m
406 4256 474 4323 raa.)
493 4252 539 4317 M,
562 4249 717 4321 seruandam
742 4251 769 4305 P
835 4249 867 4305 21
885 4251 943 4319 ppt
959 4248 1008 4318 hee
1026 4246 1195 4317 adlpffdenda
1212 4246 1242 4317 S,
1266 4262 1318 4301 om

179 4330 311 4403 uncae
384 4339 448 4395 see
465 4340 494 4395 a
562 4336 597 4393 aa
615 4336 748 4392 amour
767 4336 796 4393 n
863 4336 900 4391 ae
914 4336 1009 4391 ssent
1022 4332 1133 4389 nans
