3159 4967
255 420 275 484 8
643 412 669 469 S.
687 411 804 470 Aureli
819 412 1004 485 Augustini

252 604 331 689 quid
351 603 447 671 luerit
468 604 655 687 postulatur.
700 604 802 671 filium
824 622 948 689 quoquo
971 602 1004 668 et
1023 587 1124 669 tiliam
1145 603 1173 669 si
1194 620 1292 669 cornu
1313 618 1388 684 por·

254 706 399 787 cesserit,
422 706 519 773 simili
541 706 715 773 sententiae
740 707 924 774 subiacebit
970 706 998 773 si
1025 724 1154 772 seruum
1177 704 1389 786 ancillamque

253 810 416 889 inusserit,
438 810 571 893 triginta
592 808 687 877 siclos
711 810 833 894 argenti
856 810 945 877 dabit
967 809 1109 889 domino,
1132 810 1190 875 hos
1212 827 1289 875 uero
1303 808 1389 891 lapi·

254 914 346 982 dibus
371 913 528 979 obruetur.
567 913 595 979 si
618 913 688 996 quis
707 913 866 996 aperuerit
880 913 1051 979 cisternam
1074 913 1107 984 et
1134 911 1251 979 foderit
1272 912 1306 978 et
1327 929 1389 977 non

254 1016 412 1101 operuerit
434 1034 515 1093 eum,
545 1015 758 1099 cecideritque
786 1017 844 1083 bos
873 1015 929 1081 aut
951 1016 1058 1083 asinus
1079 1015 1112 1080 in
1134 1031 1215 1094 eam,
1244 1014 1390 1081 dominus
1415 1046 1431 1087 ι

254 1120 410 1186 cisternae
431 1117 547 1187 reddet
567 1119 703 1201 pretium
724 1119 953 1185 iumentorumt
986 1118 1072 1202 quod
1101 1118 1208 1185 autem
1229 1118 1391 1183 mortuum

255 1224 313 1303 est,
341 1222 440 1306 ipsius
472 1222 540 1289 erit
585 1222 612 1287 si
640 1222 697 1287 bos
726 1222 849 1289 alierms
874 1222 990 1289 bouem
1017 1221 1147 1289 alterius
1175 1220 1391 1289 uulnerauen't

256 1327 287 1391 et
296 1325 352 1391 ille
362 1324 507 1391 mortuus
519 1324 623 1404 fuerit,
640 1324 779 1392 ueudont
786 1326 905 1392 bouem
916 1325 1026 1392 uiuum
1038 1327 1071 1391 et
1084 1325 1228 1391 diuident
1242 1324 1389 1409 pretium,

254 1428 393 1495 cadauer
416 1428 524 1495 autem
544 1427 662 1494 mortui
683 1428 766 1495 inter
788 1446 824 1495 se
840 1428 1035 1512 dispertient
1075 1428 1122 1493 sin
1146 1429 1252 1493 autem
1267 1427 1392 1493 sciebat

254 1532 339 1616 quod
367 1532 424 1599 bos
458 1532 631 1615 cornupeta
659 1532 744 1597 esset
774 1532 813 1597 ab
843 1531 912 1597 heri
941 1532 975 1599 et
1003 1530 1231 1597 nudiustertius
1264 1530 1298 1595 et
1328 1548 1390 1595 non
1405 1560 1430 1598 so

254 1634 429 1701 custodiuit
458 1654 531 1701 eum
561 1633 707 1701 dominus
736 1652 830 1715 suus,
863 1634 979 1701 reddet
1014 1634 1130 1701 bouem
1157 1652 1214 1717 pro
1243 1633 1325 1699 boue
1358 1632 1392 1697 et

255 1738 394 1804 oedeuer
415 1737 576 1820 integrum
599 1737 743 1820 accipiet.
775 1737 810 1805 si
832 1739 903 1821 quis
925 1738 1048 1805 furatus
1069 1737 1166 1804 luerit
1190 1738 1305 1803 bouem
1335 1736 1392 1801 eut

255 1859 350 1909 ouem
373 1842 405 1905 st
420 1840 575 1905 occiderit
596 1839 650 1905 uel
664 1840 855 1920 pendiderit
879 1841 1017 1925 quinque
1032 1841 1131 1907 boues
1152 1859 1210 1923 pro
1224 1858 1286 1906 uno
1307 1840 1391 1906 boue

133 1982 135 1989 ,
253 1942 403 2009 restituet
416 1942 448 2009 et
464 1942 612 2025 quattuor
625 1959 701 2009 oues
723 1962 779 2026 pro
796 1962 859 2010 nna
874 1963 943 2011 oue.
978 1943 1186 2026 siedriugens
1199 1942 1390 2010 furdomum

255 2046 323 2111 siue
335 2044 505 2111 suffodiens
516 2043 612 2111 fuerit
622 2045 772 2113 inuentus
788 2047 821 2112 et
836 2046 967 2131 accepto
983 2047 1115 2113 uulnere
1128 2047 1272 2113 mortuus
1283 2046 1388 2124 fuerit,
1405 2074 1431 2114 ιι

254 2166 421 2232 percussor
436 2166 496 2213 non
514 2147 574 2213 erit
588 2166 661 2213 reus
676 2149 850 2233 sauguinis.
882 2149 967 2233 qued
984 2149 1012 2217 si
1028 2150 1096 2215 orto
1111 2150 1178 2217 sole
1192 2150 1251 2216 hoe
1266 2148 1387 2227 iecerit,

254 2250 460 2317 homicidium
474 2248 671 2333 perpetrauit
694 2249 727 2315 et
749 2251 818 2334 ipse
832 2251 993 2319 morietur.
1025 2251 1053 2317 si
1068 2270 1129 2319 uon
1143 2251 1291 2318 habuerit
1305 2251 1391 2335 quod

255 2372 311 2437 pro
332 2352 417 2419 inmte
437 2351 562 2431 reddat,
585 2353 827 2422 uenundabitur.
867 2356 895 2421 si
916 2355 1080 2423 inuentum
1102 2355 1197 2421 tuerit
1212 2355 1297 2439 apud
1318 2374 1392 2421 eum

258 2458 344 2540 quod
372 2456 495 2524 iuratus
526 2456 575 2523 est
611 2456 732 2537 uiuere,
767 2458 836 2523 siue
864 2457 923 2525 bos
960 2458 1030 2525 siue
1065 2459 1170 2525 asinus
1203 2459 1272 2526 siue
1308 2458 1388 2535 ouis,

257 2560 387 2644 duplum
408 2559 564 2627 restituet.
609 2560 637 2628 si
658 2559 788 2627 laeserit
810 2560 968 2644 quispiam
991 2580 1102 2645 agrum
1123 2560 1176 2639 uel
1204 2562 1331 2629 uincam
1360 2561 1432 2628 etro

257 2664 412 2731 dimiserit
444 2664 621 2733 iumentum
655 2682 758 2743 suum,
792 2665 830 2729 nt
859 2664 1049 2747 depascatur
1086 2664 1207 2742 aliena,
1241 2664 1392 2747 quioquid

256 2770 409 2851 optimum
430 2766 577 2834 hebuerit
598 2766 630 2831 in
648 2784 723 2849 agro
747 2784 805 2833 suo
826 2766 880 2832 uel
900 2768 933 2833 in
955 2767 1059 2846 uinea
1081 2785 1137 2850 pro
1160 2766 1267 2833 damni
1291 2765 1391 2833 aesti-

179 2896 182 2901 ·
255 2872 394 2936 metiens
416 2869 572 2937 restituet.
618 2868 645 2934 si
669 2886 816 2951 egressus
837 2869 920 2954 ignis
941 2869 1097 2937 inuenerit
1118 2870 1224 2954 spinas
1253 2869 1286 2935 et
1313 2886 1393 2935 con-

255 2972 457 3055 prehenderit
478 2990 608 3039 aeeruos
634 2972 760 3056 frugum
782 2972 851 3040 siue
873 2973 995 3040 stantes
1010 2972 1136 3056 segetes
1149 2971 1183 3037 in
1198 2970 1292 3055 agris,
1314 2970 1392 3037 red-

258 3074 314 3139 det
336 3074 485 3141 damuum
508 3075 561 3157 qui
583 3076 690 3159 ignem
713 3074 922 3141 succenderit
968 3076 997 3143 si
1023 3076 1094 3160 quis
1122 3072 1433 3142 commendauerit„
1576 3070 1578 3140 ἐ

258 3176 360 3243 emico
380 3178 548 3260 pecuniam
571 3179 626 3245 aut
640 3196 699 3247 uas
713 3178 746 3245 in
761 3178 941 3247 custodium
964 3180 996 3245 et
1017 3180 1056 3247 ab
1080 3196 1117 3245 eo
1133 3177 1188 3261 qui
1209 3177 1394 3260 susceperat

257 3278 340 3345 furto
364 3278 471 3346 ablata
491 3279 623 3359 fuerint,
647 3281 675 3347 si
696 3281 855 3349 inuenitur
877 3280 936 3360 lm,
960 3280 1093 3366 duplum
1106 3277 1237 3346 reddet:
1259 3278 1393 3358 silatet

259 3382 404 3449 dominus
428 3382 540 3450 domus
559 3382 770 3467 adplicabitur
793 3384 834 3451 ad
857 3383 934 3451 deos
957 3384 989 3449 et
1009 3383 1128 3451 iurabit
1148 3382 1235 3467 quod
1251 3401 1314 3450 non
1335 3400 1394 3449 ox·

309 3638 465 3695 tumuisti
529 3640 657 3697 de
721 3641 1052 3713 doeroppnmerurSo
1120 3641 1326 3711 appamean

259 3727 426 3783 ’11)οιιιιΜι
494 3726 626 3797 8uinum]
645 3744 696 3783 om.
715 3726 802 3784 MOR
869 3727 979 3782 eccla
996 3726 1172 3782 cndaberll¹
1240 3726 1396 3781 ldcomn·

258 3814 372 3883 peraP‚
391 3812 602 3883 compassos
672 3812 705 3867 13
716 3812 838 3868 mndenr
852 3813 901 3868 ΜΙ
969 3813 1032 3869 rS
1098 3812 1131 3866 14
1147 3811 1331 3867 returnar&

259 3914 379 3973 anS
456 3914 639 3984 emungens?
718 3915 751 3971 16
769 3889 1017 3987 lungmmrrean
1093 3915 1126 3969 1⁷
1143 3914 1281 3987 ppirrnbrr
1300 3914 1346 3968 Μ
1347 3912 1393 3976 Ρι

128 4000 130 4009 ⁴
259 4000 410 4073 ppcrorc
494 3988 630 4056 liaurern
647 4016 667 4056 a
754 4002 787 4056 18
809 4003 993 4057 ιιιιιιιιιτιι1ΡΙ
1078 3999 1110 4080 21
1130 3999 1176 4054 dr*
1181 3999 1329 4055 mrrean

259 4084 293 4139 22
311 4085 420 4143 obnmd
440 4087 464 4143 0
565 4088 668 4143 damnus
682 4088 719 4144 Ρι
826 4094 987 4142 mammone
1004 4087 1052 4142 ΜΙ
1161 4084 1195 4139 23
1212 4089 1297 4155 spicat
1310 4085 1397 4140 P‘Re

262 4175 445 4241 (erratorem
463 4173 610 4243 Maurici)
720 4172 754 4227 24
777 4178 885 4243 regeres
907 4178 1021 4227 stantes
1038 4172 1067 4227 R
1170 4175 1272 4239 reputet
1291 4169 1330 4223 Μ

259 4257 492 4415 Ξξῐΐὲιῖιιὲιᾶἒ
560 4258 593 4315 26
610 4265 755 4330 mloepenr
769 4258 860 4324 ΜΡΟ,
878 4263 994 4327 miccprr
1006 4257 1035 4312 Β
1103 4256 1137 4311 27
1149 4254 1276 4310 ιιιιιιιιιοῖ
1288 4254 1328 4310 so
