3159 4967
355 416 404 470 De
422 414 548 471 diuinis
566 416 746 486 sculpturis
765 417 837 471 siue
856 416 1040 487 Speculum.
1198 417 1265 486 685

134 603 239 669 illie:
273 605 315 671 st
348 606 439 669 erunt
472 604 555 669 siout
580 604 691 669 hortus
718 604 823 669 ebrius
851 604 884 668 et
905 605 988 670 siout
1012 604 1092 683 fons,
1126 605 1178 669 oui
1199 623 1263 669 non

137 706 244 773 deficit
277 726 367 792 aqua.
412 710 511 777 Item
544 708 581 773 in
616 709 797 775 ezechiel
824 710 1036 792 propheta:
1065 708 1108 775 ut
1138 708 1263 774 disent:

134 810 219 875 terra
248 810 313 889 illa
349 830 430 895 quae
460 812 527 877 erat
556 812 772 891 exterminata,
806 811 892 877 laeta
914 813 964 877 est
988 812 1024 875 ut
1044 812 1155 877 hortus
1178 811 1259 877 doli-

136 914 265 981 oiarum.
309 915 409 979 Item
432 914 651 981 secundum
672 915 935 981 matthaeum:
959 915 1021 997 Qui
1045 916 1150 980 autem
1167 934 1266 998 snpra

111 1020 252 1087 sternam
285 1019 400 1083 bonam
434 1018 607 1084 seminatus
638 1018 696 1096 ost,
726 1018 776 1083 hio
810 1018 859 1083 est
888 1018 941 1101 qui
964 1018 1054 1083 audit
1075 1019 1207 1083 uerbum
1230 1019 1262 1082 et

135 1120 302 1205 intellegit,
338 1121 370 1186 et
401 1121 479 1187 facit
511 1120 665 1187 fructum:
701 1121 788 1187 aliud
816 1121 1035 1198 centesimum,
1059 1121 1146 1187 aliud
1167 1140 1261 1187 sexa-

136 1224 301 1307 gesimum,
319 1224 406 1291 aliud
420 1225 625 1291 tricesimum.
658 1225 711 1308 qui
726 1225 823 1291 hahet
846 1244 939 1291 aures
961 1224 1120 1303 audiendi,
1143 1225 1264 1291 audiat

605 1430 801 1515 CXXXVI.
822 1359 827 1367 ἱ

348 1610 389 1649 DE
411 1608 564 1651 VOLPIBVS
591 1608 626 1649 IN
648 1608 867 1650 SIMILITVDINE
888 1610 1050 1650 nommvm.

92 1759 122 1797 10
181 1721 221 1784 In
255 1720 446 1786 iudicum:
481 1722 521 1787 st
556 1722 632 1787 abiit
666 1741 792 1788 samson
827 1722 860 1787 et
893 1722 1118 1805 conprehendit
1154 1687 1264 1805 nolpes

136 1824 304 1901 trecentas,
336 1826 369 1889 et
399 1826 532 1909 sumpsit
560 1825 726 1909 lampadas
757 1826 789 1890 et
812 1825 956 1908 alligauit
977 1825 1041 1890 illis
1064 1825 1198 1891 eandam
1222 1822 1263 1889 ad

137 2017 213 2075 uiam
235 2019 264 2075 et
285 2018 315 2075 in
338 2019 414 2077 siooe
441 2018 516 2076 terra
542 2018 655 2078 flumen.
699 2018 788 2077 Item
812 2035 883 2094 esp.
987 2040 994 2077 :
1027 2020 1065 2078 Et
1086 2020 1168 2078 emnt
1190 2017 1264 2077 siout
1294 2032 1318 2072 e:

137 2104 236 2161 hortus
265 2102 359 2162 ebrius
390 2106 418 2162 et
446 2104 521 2163 siout
549 2103 623 2173 fons,
654 2105 700 2163 eui
725 2118 782 2163 uon
805 2104 899 2163 deficit
920 2122 1003 2181 aqua
1046 2107 1087 2165 In
1121 2102 1264 2165 ezeehil

138 2205 213 2263 esp.
302 2207 308 2245 :
332 2188 370 2246 Et
385 2188 493 2248 dicent:
516 2190 592 2249 terra
606 2190 665 2259 illa,
689 2205 760 2264 quae
783 2192 844 2249 erat
858 2192 1052 2251 exterminata.
1091 2192 1134 2251 In
1155 2190 1263 2248 math.

94 2298 123 2338 15
138 2291 212 2348 cap.
237 2272 318 2333 XIII:
345 2274 400 2346 uui
424 2277 518 2333 autem
540 2292 625 2349 super
646 2276 750 2333 terram
770 2276 873 2334 honam
897 2277 1052 2335 seminatus
1075 2278 1128 2345 ost,
1151 2276 1198 2334 hio
1219 2276 1265 2334 est

138 2359 187 2434 qui
209 2358 289 2419 audit
310 2361 436 2419 uerbum.

181 2444 301 2505 cxxxi.
334 2466 376 2507 nn
404 2466 559 2509 vvnnmvs
588 2466 622 2507 m
653 2465 871 2507 snrmmvnmn
899 2466 1063 2509 somnum.
1100 2447 1141 2505 In
1170 2446 1265 2505 libro

138 2531 295 2590 iudicum
318 2548 391 2606 oap.
481 2551 487 2589 :
510 2530 549 2590 Et
570 2531 641 2590 abiit
663 2548 798 2607 sampson
815 2535 843 2591 et
865 2532 1065 2607 conprehendit
1086 2532 1186 2605 uulpes
1208 2532 1263 2590 tre-

138 2718 169 2776 in
192 2717 270 2777 inuio
290 2716 415 2779 flumina.
459 2718 548 2777 Item
570 2735 642 2793 oap.
732 2737 740 2775 :
768 2718 808 2777 Et
829 2718 886 2777 eris
908 2719 991 2793 quasi
1012 2721 1111 2779 hortus
1133 2719 1265 2793 insignus
1294 2741 1321 2798 μ

96 2820 250 2877 eousque
284 2802 364 2863 ouius
397 2819 453 2862 non
487 2804 616 2863 deficient
648 2821 747 2878 equae.
790 2805 835 2863 Iu
859 2805 1001 2865 ezeohil
1023 2820 1101 2880 eap.
1191 2824 1199 2861 :
1227 2804 1267 2863 nt

139 2890 248 2949 dioent:
278 2890 353 2948 terra
379 2888 430 2947 illa
451 2889 559 2949 insulta
587 2888 664 2949 laeta
685 2892 730 2949 est
751 2892 784 2949 ut
804 2891 903 2949 hortos
925 2890 1091 2965 uoluptatis.
1136 2890 1264 2949 Seeun·

138 2976 215 3034 dum
236 2976 340 3035 math.
364 2990 437 3049 esp.
455 2974 537 3034 XIII:
562 2976 617 3046 Qui
638 2992 705 3035 uero
726 2975 756 3035 in
778 2977 856 3035 terra
875 2977 950 3035 bona
964 2977 1120 3036 seminatus
1141 2977 1195 3047 est,
1218 2976 1266 3033 hie

137 3060 252 3135 estqui
275 3061 355 3120 audit
375 3062 492 3121 uerbum
514 3078 627 3136 usqne
649 3078 731 3136 porro
754 3061 832 3119 eliud
852 3062 1034 3121 tricesimum.

181 3145 286 3205 CXXX.
317 3166 359 3207 ns
379 3166 535 3208 vvmssvs
557 3166 592 3207 is
613 3166 832 3209 simmrrvmss
853 3167 1016 3209 sommum.
1045 3148 1088 3207 In
1108 3148 1266 3208 iudicum

95 3254 124 3295 ss
139 3248 212 3305 cap.
235 3232 302 3291 VII:
332 3232 513 3307 Porrexitque
544 3248 677 3306 sampson
700 3234 729 3291 et
750 3233 841 3307 eoepit
870 3234 1010 3292 treoentas
1030 3234 1130 3309 uulpes
1151 3250 1266 3307 usqne

242 3413 374 3477 llinis,
388 3413 419 3468 11
507 3413 737 3477 esnaeistae
822 3413 1055 3480 suethiam
1140 3415 1265 3471 snauh

140 3498 295 3561 laesae
400 3498 432 3553 10
448 3497 529 3553 ludio.
550 3499 706 3563 meets

192 3668 298 3721 lortus
316 3667 370 3724 ho
471 3669 487 3723 2
510 3667 610 3723 deleuit
627 3670 650 3737 (e
669 3670 718 3724 ult.
737 3684 772 3723 ex
788 3670 799 3723 i
816 3687 850 3724 m.
869 3668 940 3735 Μ
1040 3667 1165 3725 deheient
1182 3686 1268 3739 aquae

139 3754 188 3808 Lo
301 3753 416 3810 eseehiel
440 3756 473 3824 S,
503 3753 632 3809 ezechielo
657 3754 727 3819 MV,
757 3753 918 3809 hieseehielo
943 3754 983 3823 L,
1013 3755 1200 3811 imeehieloO

139 3839 175 3893 llt
201 3837 291 3893 disent
317 3838 440 3894 MVLG:
470 3856 520 3896 em.
550 3839 573 3895 S
673 3839 743 3893 aue
765 3856 816 3895 um.
845 3840 869 3896 G
968 3841 987 3892 4
1012 3856 1089 3909 super
1115 3841 1201 3897 Mne

138 3926 407 3995 hestpr.om.M¹
509 3926 552 3980 hio
576 3928 690 3982 estem.
714 3927 741 3981 L
842 3927 1097 3982 hoenhsimumS
1195 3927 1269 3982 aliud

139 4011 338 4080 smageeimum,
357 4010 430 4065 alind
447 4012 607 4066 tricesimum
625 4012 753 4069 MVLG:
783 4029 834 4067 om.
853 4013 878 4068 S
975 4013 993 4066 9
1013 4012 1135 4082 uulpnhm
1154 4014 1270 4071 MVLO

141 4098 215 4165 (295,
233 4099 283 4165 22)
371 4096 571 4151 similitudinem
589 4099 615 4152 L
712 4099 799 4168 lein]
818 4098 971 4153 add-hhro
988 4099 1074 4154 hino
1167 4114 1268 4153 sannen

140 4184 162 4237 0
253 4181 506 4251 conpraehensos,
530 4183 732 4253 compo-mue
822 4184 914 4254 uulpes
926 4185 1055 4240 mo:
1077 4184 1204 4254 uolpeaS

141 4270 171 4322 ll
185 4269 279 4323 sumaih
296 4270 330 4322 V¹
408 4268 543 4339 lampades
559 4270 789 4339 Oletiomiesra)
872 4269 1126 4326 oaudaadeaudam
1137 4271 1166 4337 S,
1184 4270 1272 4343 canda

141 4353 176 4408 ad
195 4354 279 4409 wuda
296 4354 339 4421 M,
370 4354 467 4411 eandm
486 4354 520 4409 ad
538 4354 690 4412 eandamO
