3159 4967
259 427 327 494 '524
485 423 533 478 De
550 420 678 475 diuinis
695 420 877 490 seripturis
894 421 967 474 sine
985 420 1168 490 Speeulum.

264 615 291 679 ei
321 611 391 695 quis
419 613 520 679 bonus
546 611 595 676 est
617 609 658 674 ad
692 608 944 674 aedificationem
977 607 1063 686 fidoi,
1098 610 1134 674 ut
1168 610 1223 675 det
1254 609 1392 692 gratiam

265 716 474 782 audientibus.
512 715 546 782 et
576 733 638 779 nen
672 712 937 780 contristaueritis
973 713 1118 796 spiritum
1152 712 1298 778 sanetum
1329 712 1391 788 dei,

263 821 295 884 in
318 839 380 902 quo
402 818 519 900 signati
541 818 617 883 estis
630 817 670 882 ·in
690 817 742 882 die
762 816 999 899 redemptionis.
1034 817 1134 883 omnis
1158 815 1335 882 amaritudo
1359 817 1393 880 et

263 923 313 988 ira
334 922 367 986 et
387 920 562 1005 indignatio
585 922 618 985 et
638 920 759 986 elamor
781 921 815 986 et
836 913 1014 984 conuicium
1032 920 1162 986 tolletur
1179 920 1303 986 anobis
1318 939 1392 984 oum

264 1024 349 1092 omui
374 1023 505 1089 malitia.
550 1025 649 1088 Item
678 1025 716 1089 in
748 1023 1054 1090 eeclesiastico:
1084 1023 1152 1088 Non
1182 1023 1289 1107 litiges
1319 1042 1434 1088 cumr

265 1127 390 1194 homine
418 1126 571 1210 linguato,
602 1127 635 1192 et
663 1145 724 1192 non
748 1125 856 1192 mittes
887 1127 919 1190 in
948 1125 1021 1209 igne
1043 1126 1130 1192 illius
1151 1127 1247 1210 ligna
1293 1127 1393 1192 Item

263 1232 429 1299 iacobus
459 1230 681 1314 apostolus:
712 1229 761 1296 Sit
787 1249 864 1295 uero
895 1229 996 1296 omnis
1025 1231 1118 1296 homo
1141 1230 1258 1296 citatus
1282 1229 1391 1294 audire

265 1333 437 1402 attardus
465 1332 561 1416 loqui.
606 1333 706 1397 Item
733 1331 840 1396 illie:
870 1331 904 1398 Si
934 1332 1004 1414 quis
1026 1333 1118 1415 putat
1140 1332 1393 1415 superstitiosum

265 1457 300 1503 se
323 1455 403 1514 esse,
425 1455 486 1502 non
507 1435 668 1503 refrenans
696 1435 838 1519 linguam
861 1455 961 1514 suam,
992 1435 1049 1500 sed
1075 1435 1189 1501 fallens
1211 1454 1265 1501 eor
1288 1455 1392 1504 sunm.

264 1541 357 1606 huius
379 1557 463 1608 uana
483 1539 594 1621 religio
618 1539 676 1604 est
720 1540 819 1604 Item
841 1537 950 1604 illie:
979 1539 1084 1604 Nolite
1106 1537 1286 1622 multiloqui
1309 1558 1392 1618 osse,
1407 1569 1435 1609 m

264 1643 378 1708 douae
405 1642 481 1720 mei,
510 1642 647 1708 seientes
677 1642 753 1725 quia
779 1641 883 1707 maius
905 1642 1057 1707 iudicium
1081 1642 1252 1724 accipietis.
1291 1642 1394 1706 multe

266 1746 479 1812 enimomnes
502 1743 721 1827 delinquimus.
760 1743 787 1808 ei
809 1742 879 1825 quis
902 1743 933 1808 iu
956 1745 1053 1810 uerbo
1068 1763 1129 1808 non
1152 1743 1315 1827 delinquit
1339 1745 1391 1810 hle

264 1848 423 1932 perfectus
451 1847 502 1912 uir
531 1847 591 1928 est,
620 1847 726 1929 potest
752 1846 876 1912 frenare
905 1847 1007 1912 totum
1038 1865 1150 1929 eorpus
1182 1848 1214 1912 et
1244 1847 1391 1929 ditigere.

214 2042 236 2083 α
267 2023 366 2083 Omnis
395 2040 485 2083 sermo
512 2024 604 2084 malus
634 2024 667 2083 de
689 2042 735 2084 ore
756 2027 861 2084 nestro.
906 2025 945 2083 In
976 2026 1140 2100 epistula
1165 2026 1289 2085 iacobi
1317 2043 1392 2102 eap.

352 2129 359 2165 :
383 2110 428 2167 Sit
448 2122 515 2168 uero
530 2110 621 2170 omnis
636 2111 717 2169 homo
740 2110 829 2170 uelox.
867 2111 957 2170 Item
979 2128 1051 2186 eap.
1140 2131 1146 2168 :
1170 2111 1201 2169 Si
1224 2107 1292 2184 quis'.
1310 2115 1393 2186 putat
1408 2135 1435 2176 ra

264 2195 445 2340 ηὼὶιᾞιθῗο
482 2196 573 2254 Item
595 2213 669 2270 oap.
773 2195 896 2255 :Nolite
918 2197 1076 2273 multiloqui
1099 2213 1162 2256 esse
1183 2213 1297 2270 usqne
1319 2214 1393 2256 mor·

214 2470 239 2530 μ
265 2469 321 2514 non
350 2453 484 2528 procedat
511 2469 629 2529 usque
656 2453 773 2513 tollatur
796 2453 916 2514 anobis
947 2471 1009 2514 oum
1040 2453 1115 2514 omni
1140 2452 1259 2513 malitia.
1304 2455 1393 2514 Item

265 2541 302 2600 in
331 2538 595 2600 eeclesiastico
617 2557 691 2615 cap.
713 2539 766 2600 VI:
788 2539 853 2598 Non
875 2539 973 2615 litiges
995 2556 1058 2599 curn
1080 2539 1191 2600 homine
1212 2539 1341 2613 linguato
1364 2543 1393 2598 et

265 2642 322 2686 non
343 2625 467 2684 instruee
489 2624 602 2699 inigne
617 2621 797 2699 illius'ligna.
835 2625 876 2684 In
897 2624 1059 2700 epistula
1080 2625 1201 2686 iacobi
1225 2642 1296 2699 eap.
1319 2625 1433 2689 11112„

266 2711 311 2770 Sit
339 2712 432 2770 autern
461 2711 552 2770 omnis
582 2711 664 2770 homo
686 2709 767 2770 uelox
788 2709 826 2768 ad
848 2709 1026 2782 audendum,
1056 2711 1155 2771 tardus
1177 2713 1271 2770 autem
1294 2711 1330 2769 ad
1351 2709 1391 2770 lo-

266 2796 415 2872 quendum.
459 2797 549 2856 Item
570 2796 606 2854 in
627 2796 749 2855 eadem
770 2795 937 2870 epistula
959 2813 1031 2872 oap.
1054 2797 1093 2857 V:
1118 2795 1147 2855 Si
1171 2797 1235 2872 quie
1257 2798 1339 2872 putat
1361 2814 1391 2856 ee

265 2882 430 2957 religiosum
460 2899 532 2951 esee,
562 2898 619 2940 uon
644 2881 790 2941 refrenans
820 2881 949 2956 liugnam
971 2899 1051 2942 suam
1072 2899 1187 2955 usque
1209 2881 1294 2941 huius
1317 2899 1391 2941 uena

264 2969 310 3027 eet
342 2966 452 3041 religio.
495 2967 583 3026 Item
613 2984 685 3041 cap.
708 2968 748 3026 1:
781 2967 876 3026 nonu
904 2967 1000 3042 plures
1029 2967 1159 3042 magistri
1189 2967 1258 3038 fieri,
1289 2968 1391 3028 fratres

264 3053 329 3124 mel,
352 3069 465 3128 usque
486 3053 571 3128 plena
591 3068 700 3112 ueneno
721 3052 873 3111 mortifero.
1405 3081 1433 3124 ,ς

366 3231 557 3298 aureliae
635 3232 718 3288 Iler.
737 3232 762 3298 1,
780 3233 814 3287 19
891 3232 1013 3288 sibus
1092 3233 1322 3304 lolae.e,1-8

316 3404 330 3458 1
356 3406 397 3458 eet
419 3419 469 3459 om.
494 3401 596 3458 MLOo
698 3401 911 3458 aedificationem
935 3403 1097 3459 audientium
1119 3409 1180 3472 (om.
1198 3405 1262 3460 fidei
1278 3421 1303 3462 u
1321 3405 1346 3460 d
1365 3423 1390 3476 g.

265 3488 444 3556 andientdrus)
460 3489 548 3544 ΜΠ]
646 3488 751 3557 fldqis
851 3489 938 3544 2non
956 3489 989 3545 ss
1014 3507 1048 3544 ne
1066 3490 1153 3545 Mne
1253 3491 1391 3546 conulem

264 3577 334 3632 ueris
357 3576 404 3631 SG
502 3573 585 3643 aare
608 3573 641 3640 8,
667 3573 738 3628 diem
754 3574 857 3630 since
958 3576 976 3628 4
998 3575 1144 3631 oonuidum
1166 3577 1200 3641 S,
1226 3577 1392 3646 blasphemia

264 3663 367 3718 mooe
460 3660 571 3716 tollatur
587 3660 661 3717 Son:
687 3659 821 3715 auferatur
838 3661 901 3716 ML
995 3663 1083 3716 6n0n
1101 3663 1151 3717 alt.
1169 3677 1220 3717 om.
1239 3663 1327 3718 MLG
1416 3711 1424 3724 ,

263 3749 383 3804 inmittee
401 3749 484 3816 (Imm-
502 3747 549 3817 M)
566 3747 657 3802 Mne
751 3747 919 3817 'tapostelne
936 3763 986 3802 oar.
1005 3749 1095 3805 Meo
1192 3749 1298 3818 citatus]
1316 3749 1393 3803 uelox

268 3835 307 3890 Or
392 3833 429 3888 ad
445 3831 604 3888 audiendum
620 3831 726 3889 Modo
812 3833 883 3888 ded
898 3832 1058 3904 loquendum
1079 3835 1116 3890 Co
1201 3833 1264 3904 illio]
1283 3833 1391 3888 meobns

264 3920 351 3976 MLG
368 3922 420 3991 (rie
434 3921 485 3974 tia.
495 3922 542 3988 10)
629 3919 840 3988 superstitiosum
859 3919 888 3984 S,
915 3921 1066 3990 religiosum
1083 3919 1185 3976 muca
1271 3921 1392 3976 duerbu

264 4005 546 4063 redteeuumoer.
565 4005 679 4064 mod
737 4005 1016 4076 Ituanaeetredgio
1034 4005 1139 4063 MLOo
1228 4005 1260 4059 11
1279 4004 1392 4060 seientes

264 4093 400 4159 MVLOr,
425 4109 477 4148 ora
496 4093 521 4148 S
619 4092 764 4162 recipietis]
782 4092 886 4146 munitis
908 4093 946 4148 Oe
1043 4095 1128 4148 multa
1146 4093 1179 4149 S:
1206 4093 1234 4146 iu
1250 4093 1340 4146 multis
1359 4091 1394 4146 II

268 4179 362 4236 vnce
464 4179 497 4234 12
522 4177 702 4248 delinquemus
730 4179 765 4234 V¹
868 4177 1024 4234 offendimus
1051 4195 1141 4235 omnes
1169 4178 1207 4234 Co
1309 4177 1392 4234 delin-

265 4263 329 4334 quid
345 4264 378 4330 S,
408 4263 520 4320 offendit
537 4263 575 4320 Co
678 4265 712 4320 18
733 4265 1019 4334 potest1odd.etiam
1036 4267 1074 4320 Μ
1077 4266 1181 4330 Vmor,
1209 4264 1325 4324 emor

264 4349 396 4405 infrenare
414 4351 450 4416 L,
480 4349 654 4405 refrenareO
