3159 4967
251 416 297 484 80
643 415 668 469 S.
686 413 803 468 Aureli
822 413 1003 484 Augustini

254 606 399 672 ascendit
421 603 646 686 superterram
660 623 765 669 meam
780 603 870 670 fortis
886 603 918 668 et
932 603 1177 670 innumerabilis.
1223 604 1270 668 at
1291 622 1337 687 po
1347 605 1384 670 st

256 710 525 790 aliquantum:
547 706 638 772 Nunc
662 724 735 789 ergo
759 707 838 772 dicit
855 706 1017 772 domiuus:
1040 706 1258 771 conuertimini
1275 706 1316 772 ad
1331 727 1384 774 me

252 813 286 878 in
307 813 374 878 toto
398 811 492 876 corde
514 810 620 876 uestm
642 811 675 876 in
696 810 813 875 ieiunio
837 811 869 874 et
890 811 921 874 in
951 809 1027 874 lietu
1056 811 1088 874 et
1120 810 1152 874 in
1180 810 1326 893 planctu,
1352 811 1385 875 et

254 915 393 980 scindite
408 914 506 980 corda
520 915 627 980 uestra
643 915 675 980 et
696 933 757 980 non
772 915 965 979 uestimenta
979 913 1097 994 uestra,
1120 914 1152 980 et
1167 914 1386 980 conuertimini

255 1021 300 1085 ad
321 1020 482 1086 dominum
505 1018 599 1084 deum
622 1019 771 1098 uestrum,
803 1017 877 1102 quia
898 1018 1051 1100 benignus
1075 1018 1107 1082 et
1124 1017 1303 1084 misericors
1327 1019 1384 1084 est
1413 1029 1428 1070 ⁵

770 1230 870 1314 XIII.

684 1411 724 1452 DE
746 1411 839 1452 LIBRO
863 1411 955 1452 Amos.

300 1561 389 1626 Haec
414 1559 492 1624 dicit
514 1557 674 1621 dominus:
698 1575 791 1638 super
811 1555 913 1621 tribus
936 1554 1107 1620 sceleribus
1135 1555 1215 1620 Iuda
1238 1555 1271 1619 et
1293 1573 1386 1638 super

256 1664 407 1749 quattuor
429 1681 489 1725 nou
511 1659 694 1724 conuertam
718 1676 807 1723 eum:
839 1677 875 1724 eo
898 1657 983 1739 quod
1006 1657 1178 1722 abiecerint
1197 1658 1302 1740 legem
1326 1658 1386 1723 do-

258 1766 334 1831 mini
359 1766 391 1829 et
412 1763 564 1828 mandata
586 1763 653 1828 eius
676 1781 736 1826 non
759 1761 982 1827 custodierint:
1013 1760 1204 1844 deceperunt
1227 1760 1309 1826 enim
1332 1777 1429 1829 eos1⁰

258 1867 345 1932 idola
367 1885 434 1942 sua,
468 1864 541 1946 post
569 1882 650 1946 quae
685 1864 828 1928 abierunt
857 1865 964 1945 patres
987 1881 1104 1929 eorum.
1149 1865 1196 1929 ut
1230 1865 1320 1946 post
1354 1866 1388 1930 II

258 1987 417 2034 uersus:
440 1969 529 2034 Haeo
554 1967 631 2032 dicit
654 1967 814 2033 deminus:
838 1987 931 2050 super
953 1967 1053 2033 tribus
1075 1968 1247 2034 sceleribus
1264 1969 1386 2035 Israhel

259 2075 293 2138 et
308 2092 402 2156 super
417 2071 565 2154 quattuor
580 2091 640 2136 non
659 2073 842 2137 conuertam
859 2091 946 2136 eum:
962 2090 1018 2155 pro
1034 2091 1071 2136 eo
1086 2071 1170 2154 quod
1185 2071 1387 2136 trandiderint

260 2176 391 2260 argento
413 2175 532 2238 iustum
556 2175 588 2237 et
601 2193 772 2257 pauperem
794 2194 850 2260 pro
874 2175 1099 2240 calciamentis.
1145 2175 1198 2257 qui
1222 2175 1389 2239 conterunt

260 2297 355 2361 super
381 2279 543 2361 puluerem
573 2278 677 2342 terrae
707 2279 813 2360 capita
842 2297 1015 2362 pauperum
1047 2279 1078 2342 et
1106 2277 1192 2342 uiam
1221 2277 1389 2342 humilium
1404 2291 1429 2329 1⁵

263 2381 434 2446 declinant.
482 2382 513 2445 et
535 2379 619 2444 filius
643 2399 679 2444 ao
702 2382 792 2463 pater
815 2381 882 2446 eius
904 2381 1006 2445 ierunt
1027 2380 1066 2444 ad
1089 2381 1236 2462 puellam,
1260 2382 1296 2445 ut
1316 2381 1388 2446 uio·

259 2484 364 2549 larent
378 2501 490 2548 nomen
507 2482 651 2546 sanctum
666 2502 781 2548 meum.
813 2484 860 2548 Et
882 2484 970 2565 post
992 2484 1196 2568 Iuersum:
1213 2483 1254 2548 Iit
1268 2483 1386 2564 uiuum,

257 2586 412 2668 iuquit,
449 2585 668 2650 damnatorum
691 2586 842 2651 bibebant
863 2586 894 2650 ln
926 2585 1018 2651 domo
1050 2585 1100 2650 dei
1132 2586 1189 2650 sui.
1234 2586 1283 2652 ut
1317 2585 1389 2650 uli-

260 2690 407 2773 quanto
440 2690 547 2771 post:
594 2688 675 2771 Quia
708 2690 786 2753 haec
822 2688 900 2752 dicit
934 2688 1077 2753 dominus
1112 2688 1218 2753 domui
1252 2688 1389 2754 Israhel:

263 2791 406 2875 quaerite
430 2811 480 2855 me
504 2792 536 2856 et
551 2791 676 2856 uinetis.
722 2791 768 2855 ut
789 2791 878 2874 post
899 2792 947 2855 III
970 2809 1130 2856 uersus:
1155 2789 1305 2873 Quaerite
1329 2790 1388 2855 do·
1403 2810 1429 2848 ao

263 2894 384 2960 minum
407 2895 439 2958 et
461 2893 569 2958 uiuite.
609 2893 655 2958 ut
675 2894 766 2976 post
787 2911 930 2960 uersus
953 2893 1048 2958 VIII:
1072 2893 1152 2958 Odio
1168 2893 1389 2958 habueruntin

262 2996 354 3080 porta
387 2996 609 3079 corripientem
631 2987 671 3060 'et
703 2996 884 3080 loquentem
920 2996 1059 3080 perlecto
1096 2995 1267 3060 abominati
1306 2997 1386 3060 eunt.

262 3099 381 3163 idcirco
403 3117 458 3180 pro
482 3118 518 3164 eo
542 3098 626 3181 quod
649 3097 843 3182 diripiebatis
858 3118 1028 3182 pauperem
1045 3099 1076 3163 et
1089 3098 1239 3181 praedam
1256 3097 1390 3163 electam

261 3200 423 3266 tollebatis
447 3201 485 3266 ab
510 3219 555 3265 eo.
601 3200 758 3282 etpost
780 3201 827 3264 ΙΠ
851 3219 1005 3266 uersus:
1030 3199 1112 3281 Quia
1134 3200 1267 3284 cognoui
1290 3199 1391 3264 multa

261 3303 385 3368 scelera
407 3302 515 3367 uestra
538 3304 570 3367 et
583 3302 678 3368 fortia
692 3304 825 3386 peccata
839 3304 955 3368 uestra.
987 3304 1093 3369 hostes
1107 3302 1182 3368 iusti
1199 3301 1390 3385 accipientes
1406 3321 1432 3363 as

366 3488 631 3553 alualaetla
711 3487 884 3552 eumad
965 3488 1231 3555 monceau
1303 3490 1391 3554 liib,

260 3576 279 3628 8
352 3575 538 3638 laumas
606 3573 729 3630 acino
798 3573 1034 3630 mitiacum
1105 3573 1244 3630 aarum

316 3746 478 3800 lascender
499 3747 536 3799 P'
638 3745 700 3799 diu
719 3745 876 3814 castaldatu]
895 3762 945 3800 our.
965 3746 1069 3802 meaa
1181 3748 1210 3800 et
1226 3753 1292 3802 ueste
1310 3746 1393 3802 scind.

262 3831 362 3888 om.R
430 3831 646 3888 lammosMO
721 3831 942 3901 ldeoelom.1l
1017 3831 1169 3900 ilqualS
1239 3831 1398 3901 IIJVMP

264 3919 314 3974 ΟΒ
390 3919 422 3970 12
440 3916 590 3987 sceleribus]
609 3933 659 3972 om.
679 3917 702 3973 0
773 3917 806 3970 13
824 3916 996 3972 umdederrnr
1015 3916 1058 3980 Μ,
1077 3931 1129 3970 non
1147 3915 1268 3972 nusum
1288 3918 1323 3972 ΡΙ

265 4003 299 4057 14
315 4019 335 4072 p
353 4018 469 4072 argento
487 4003 568 4058 P'Ru
638 4003 671 4058 18
687 4002 879 4057 mdamnaroru
897 4003 925 4067 S,
945 4002 1088 4072 dalnarorh
1108 4005 1135 4070 (a
1153 4003 1184 4055 iu
1201 4005 1272 4071 rus.)
1291 4003 1328 4057 Μ

272 4090 304 4144 19
323 4089 392 4157 quia]
413 4104 463 4142 om.
482 4088 517 4142 P¹
597 4089 699 4144 uerbo.-
716 4091 778 4158 quia
794 4089 859 4144 haec
875 4117 911 4130 -
926 4087 966 4143 III
982 4104 1072 4142 uersus
1091 4103 1140 4142 om.
1161 4088 1257 4156 (tuitio
1276 4090 1323 4156 fol.
1342 4093 1392 4158 27)

265 4173 306 4242 0¹,
324 4173 427 4243 quiah
446 4172 471 4228 d.
488 4173 514 4228 d.
533 4174 557 4229 d.
575 4174 671 4228 israhel
689 4190 739 4229 oua.
759 4193 778 4229 u
864 4173 943 4228 domu
961 4173 1004 4239 Μ,
1024 4174 1154 4230 domurS
1236 4174 1270 4228 20
1287 4175 1393 4246 uinetis]

264 4274 411 4314 muemetrs
429 4260 457 4315 R
525 4262 625 4316 ue-roa:
642 4264 748 4331 etpost
764 4261 803 4316 III
822 4277 846 4316 u.
865 4277 889 4330 q.
908 4260 932 4316 d.
952 4277 973 4316 e.
991 4261 1074 4316 uiuite
1092 4276 1141 4314 om.
1161 4261 1189 4316 R
1259 4263 1290 4316 al
1309 4263 1394 4317 aruba

264 4346 388 4401 MP'US
453 4344 663 4401 22abom1nc‘re
681 4347 714 4402 S*
783 4347 817 4401 25
834 4353 915 4401 uultis
935 4348 962 4401 P
