3159 4967
710 1275 755 1356 H.

215 1516 290 1617 Iam
322 1550 415 1616 huius
438 1550 540 1632 operis
564 1550 736 1615 orationem
759 1551 971 1615 instauraturo
994 1569 1135 1615 summae
1159 1550 1304 1617 difficul-

171 1657 257 1721 tates
290 1654 425 1720 obstant.
462 1652 644 1718 tostimonia
673 1654 765 1732 enim,
798 1653 910 1735 quibus
931 1652 982 1717 hic
1005 1651 1084 1718 liber
1108 1653 1305 1735 compositus-

173 1760 232 1837 est,
265 1758 297 1822 et
326 1759 365 1824 ab
394 1757 521 1821 auctore
545 1776 581 1821 en
604 1757 754 1822 mendoso
784 1776 895 1822 sacrae
926 1756 1099 1839 scripturae
1130 1756 1302 1840 exemplari

174 1862 300 1944 sumpta
323 1860 355 1925 et
382 1860 446 1925 iam
470 1860 695 1942 antiquissimis
717 1860 923 1943 temporibus,
953 1859 1143 1943 simulatque
1166 1860 1246 1925 liber
1268 1859 1300 1924 in

171 1965 289 2049 uulgus
311 1963 435 2048 prodiit,
461 1965 499 2029 ab
524 1964 594 2029 aliis
616 1964 794 2031 hominibus
814 1963 951 2028 adaucta
966 1964 999 2028 et
1013 1964 1203 2048 interpolata
1217 1964 1302 2029 sunt.

174 2088 213 2133 ea
236 2068 373 2151 quidem,
397 2086 478 2151 quas
502 2086 539 2131 ex
561 2068 654 2131 Prou.
679 2069 707 2144 1,
732 2067 770 2130 21
795 2067 947 2132 mendose
971 2066 1141 2132 laudantur
1163 2066 1236 2145 659,
1261 2066 1305 2131 14

328 2189 433 2270 Super
453 2189 622 2255 cacumina
645 2190 835 2253 montium
852 2188 1073 2273 praedicatur,

327 2292 365 2356 a'n
383 2292 486 2373 pontis
508 2295 614 2356 annm
634 2292 811 2371 potentiana
832 2292 977 2357 adsistit:

329 2410 373 2477 ἐπ’
400 2418 510 2496 ἄκρων
533 2414 569 2478 δὲ
592 2416 758 2498 τειχέων
780 2417 986 2498 κηρύσσεται,

328 2516 380 2581 ἐπὶ
403 2518 439 2581 δὲ
461 2520 579 2593 πύλαις
601 2519 774 2582 δυναστῶν
795 2520 997 2603 παρεδρεύει.

173 2639 219 2701 ita
243 2638 280 2701 ab
312 2636 440 2703 anctore
469 2638 586 2719 scripta
611 2637 752 2721 putanda
780 2638 863 2716 sunt,
896 2638 970 2720 quia
991 2638 1023 2701 in
1045 2637 1225 2721 corruptela
1245 2637 1304 2701 illa

175 2739 330 2805 sententia
353 2740 471 2817 nititur,
496 2760 559 2824 qna
572 2740 789 2805 testimonium
806 2740 846 2805 ad
861 2740 1051 2825 paragraphi
1065 2741 1300 2823 inscriptionem

173 2842 309 2925 pertinet
325 2862 405 2925 quae
422 2845 470 2908 est
484 2842 624 2909 homines
641 2894 692 2910 ...
712 2848 865 2909 moratas
886 2846 1006 2909 noceri.
1031 2843 1176 2910 similiter
1191 2843 1264 2922 463,
1282 2844 1306 2908 5

169 2948 334 3031 patientia
355 2964 411 3030 pro
435 2948 598 3029 sapientia
617 2950 745 3033 (σοφία)
770 2948 862 3012 Prou.
880 2949 930 3025 14,
947 2948 988 3013 33
1012 2948 1163 3031 scriptum
1185 2947 1305 3029 legitur

174 3050 205 3113 in
229 3050 332 3132 capite
357 3049 440 3132 quod
464 3052 512 3115 ost
526 3052 564 3115 ete
581 3052 753 3132 patientia.
779 3051 818 3115 al.
842 3070 952 3116 uerum
969 3050 1032 3115 alia
1047 3070 1172 3134 quoque
1188 3050 1304 3115 menda

177 3154 215 3218 ab
250 3171 286 3217 eo
319 3151 468 3218 librorum
505 3153 681 3219 diuinorum
717 3154 886 3237 exemplari
920 3173 981 3237 quo
1016 3155 1125 3219 auctor
1154 3154 1308 3219 utebatur

174 3256 347 3338 repetenda
363 3257 443 3321 sunt.
475 3274 546 3321 nam
563 3257 646 3339 quod
669 3259 700 3321 II
716 3258 800 3321 Patr.
817 3259 847 3336 3,
865 3258 903 3321 11
922 3257 1153 3340 scriptumest:
1176 3260 1305 3322 τούτων

176 3362 280 3435 οὕτως
308 3364 441 3425 πάντων
471 3364 640 3443 λυομένων
667 3364 837 3438 ποταποὺς
867 3363 918 3426 δεῖ
945 3363 1104 3446 ὑπάρχειν
1128 3361 1236 3445 [ὑμᾶς]
1267 3360 1308 3424 ἐν

176 3466 284 3546 ἁγίαις
307 3464 528 3547 ἀναστροφαῖς
550 3465 603 3527 καὶ
630 3464 809 3548 εὐσεβείαις
836 3466 1151 3548 προσδοκῶντας-
1175 3462 1207 3527 et
1229 3481 1248 3526 a
1271 3459 1302 3526 S.

176 3565 351 3649 Augustino
377 3563 415 3629 de
437 3564 501 3629 fido
525 3566 557 3630 et
579 3584 662 3648 oper.
688 3566 738 3644 14,
762 3566 804 3631 22
827 3565 872 3630 sio
894 3566 1009 3631 femur:
1036 3566 1089 3631 in's
1108 3586 1178 3649 erpo
1199 3565 1305 3629 omni-

175 3673 234 3735 bns
264 3668 467 3751 perorantibus
502 3668 609 3751 punies
642 3673 762 3751 opacet
788 3690 847 3735 uos
874 3689 938 3735 csse
968 3671 1005 3733 ιά
1027 3670 1149 3734 sanctis
1171 3688 1306 3733 conner-

175 3773 355 3839 sationahns
377 3776 407 3837 ct
422 3773 599 3854 pietatibus
620 3777 832 3855 exspectantes
856 3773 977 3856 (Migne
1001 3772 1052 3851 40,
1074 3773 1146 3837 212.
1170 3772 1209 3836 cf.
1234 3770 1303 3836 Ciu.

175 3878 212 3942 D.
237 3877 289 3955 20,
305 3876 355 3941 24.
380 3876 533 3941 Dombart
555 3877 584 3955 2,
601 3876 688 3959 468),
712 3876 743 3940 in
766 3877 826 3940 hoc
849 3875 1061 3952 111αο422,2
1083 3893 1210 3958 prorsus
1233 3891 1304 3938 cor-

176 3981 303 4063 ruptum
334 3979 461 4060 legitur,
495 3978 542 4042 ita
574 3981 690 4057 tamon,
724 3979 760 4042 ut
784 3998 801 4043 o
823 3979 968 4043 uersiouc
999 3978 1137 4061 genetiui
1168 3975 1304 4042 absoluti

176 4104 284 4149 eoram
314 4084 457 4146 maniam
480 4084 687 4163 peccantiam
717 4082 894 4164 seiugata,
927 4083 986 4147 hoe
1014 4080 1228 4146 testimonium
1257 4079 1305 4143 ita

177 4187 394 4268 comparatum
416 4186 448 4250 in
472 4204 581 4251 sacrae
605 4187 779 4270 scripturae
803 4186 913 4251 codice
937 4185 1103 4250 exstitisse.
1135 4184 1173 4249 of.
1193 4182 1306 4262 399,9

177 4290 228 4353 Es.
253 4289 305 4367 43,
329 4289 380 4353 25.
406 4289 444 4352 al.
482 4288 617 4371 plurima
648 4291 762 4393 autom¹
782 4287 899 4354 manda
929 4288 969 4353 ad
998 4289 1111 4353 falsam
1137 4287 1304 4353 uerborum

179 4393 373 4459 Graecorum
395 4392 685 4475 interpretationem
708 4392 873 4459 referenda
888 4394 970 4471 suut,
994 4393 1083 4458 uolut
1097 4390 1171 4468 545,
1186 4392 1207 4455 5
1222 4388 1305 4472 qnod
