3159 4967
664 426 848 498 Speculum.
1282 427 1325 495 89

194 613 412 681 consideratis.
456 615 503 680 nt
524 614 615 698 post
636 631 777 679 uorsus
799 614 906 679 XVII:
931 615 998 680 Vco
1013 615 1068 697 qui
1083 614 1189 680 dicitis
1204 614 1324 682 malum

195 717 311 783 bonnm
334 719 506 784 othonum
526 717 662 783 mulum:
684 717 837 800 ponentes
864 719 1013 784 tenebras
1035 717 1141 783 lucem
1165 717 1198 782 et
1218 718 1324 783 luceru

192 821 359 886 tenebras:
392 822 544 905 ponentes
573 839 714 885 umorum
741 819 773 884 iu
803 819 895 885 dulce
929 821 961 885 et
989 819 1081 884 dulce
1110 819 1142 884 in
1171 835 1322 888 umurmn.

192 942 254 988 uuo
277 924 330 1007 qni
354 924 512 1009 sopientes
535 925 612 989 estIs
632 923 665 988 in
697 922 797 988 oculis
826 923 941 987 uestris
970 923 1003 987 et
1032 939 1137 988 corum
1168 925 1325 990 nobismet

165 1025 273 1110 eipsis
294 1027 474 1110 prudentes.
519 1046 579 1092 uec
602 1027 656 1110 qni
677 1028 823 1109 potentes
852 1025 928 1091 estis
959 1025 1193 1092 adhibendum
1215 1029 1324 1093 uinum

197 1131 231 1195 et
240 1130 302 1195 uiri
316 1129 414 1195 fortes
431 1130 472 1194 ad
486 1129 683 1194 miscendam
698 1129 894 1194 ebrietatem.
927 1128 982 1210 qui
996 1127 1177 1196 instifiootis
1191 1131 1324 1214 impium

192 1251 249 1316 pro
271 1233 464 1312 muneribus,
499 1233 531 1296 et
557 1231 714 1296 iustitium
741 1229 818 1296 insti
842 1227 991 1295 auferetis
1014 1231 1052 1295 ab
1077 1249 1122 1295 oo.
1167 1231 1214 1297 ut
1247 1230 1323 1298 uli·
1441 1253 1443 1260 ·

194 1336 342 1419 qusnto
363 1336 468 1420 post:
491 1337 559 1400 Vue
581 1335 635 1417 qui
658 1333 797 1400 condunt
823 1333 912 1416 leges
933 1333 1058 1414 iniquus
1074 1333 1106 1396 et
1121 1335 1322 1417 scripserunt,

190 1439 230 1503 ut
259 1439 470 1522 opprimerent
496 1439 529 1504 in
555 1436 674 1502 iudicio
701 1453 856 1519 pauperes
886 1435 1010 1500 etnim
1037 1435 1179 1501 fecerent
1206 1454 1322 1505 consue

153 1555 181 1594 1⁰
193 1541 359 1606 humilium
386 1541 494 1625 populi
520 1541 599 1619 mei,
634 1541 670 1605 ut
702 1539 809 1605 essent
840 1537 956 1604 uiduae
983 1538 1103 1620 proedo
1132 1557 1255 1621 eorum,
1291 1543 1324 1607 et

192 1643 330 1726 pupillos
353 1643 530 1728 diriperent
576 1644 625 1708 Et
650 1644 741 1727 post
761 1643 983 1726 paululum:
1011 1641 1202 1723 Requiescet
1230 1661 1324 1728 super

194 1763 266 1810 enm
289 1747 416 1830 spiritus
440 1746 566 1826 domini,
590 1747 718 1831 spiritus
741 1746 913 1829 sapientise
935 1745 969 1810 et
980 1743 1171 1824 intellectus,
1195 1747 1323 1830 spiritus

193 1848 316 1914 consilii
351 1850 383 1915 et
414 1849 615 1930 fortitudinis,
649 1851 777 1934 spiritus
807 1848 958 1914 scientiae
992 1847 1024 1911 ot
1045 1849 1183 1930 pietatis,
1215 1851 1247 1914 ot
1267 1869 1323 1916 re-

192 1951 293 2034 plebit
315 1971 387 2017 eum
411 1954 538 2037 spiritus
559 1955 682 2020 timoris
706 1953 833 2018 domini.
877 1969 938 2017 non
966 1951 1139 2016 secundum
1170 1953 1323 2020 uisionem

154 2069 181 2110 1⁶
194 2054 356 2120 oculorum
370 2056 533 2136 indicabit,
556 2075 658 2140 neque
680 2055 855 2122 secundum
877 2053 1020 2118 auditum
1044 2055 1166 2120 sunium
1194 2058 1322 2140 urguet:

194 2155 252 2221 sed
284 2157 440 2223 indicabit
471 2159 503 2222 in
535 2159 659 2225 iustitio
690 2175 845 2242 pauperes
878 2157 911 2223 et
943 2157 1055 2240 urguet
1089 2157 1122 2222 in
1163 2158 1323 2244 aequitate

193 2277 249 2342 pro
281 2262 456 2327 mansuetis
489 2263 608 2327 terreo:
649 2263 682 2327 et
712 2259 869 2344 percutiet
899 2259 1018 2324 terrum
1051 2261 1143 2344 uirgo
1177 2263 1240 2329 oris
1273 2265 1322 2330 sui

195 2361 228 2426 ot
249 2362 361 2446 spiritu
374 2363 530 2431 lubiorum
551 2383 679 2431 suornm
699 2363 870 2428 interficiet
886 2361 1027 2445 impium.
1066 2363 1098 2428 et
1120 2366 1180 2431 enit
1199 2369 1323 2436 iustitie

193 2463 356 2548 cingulum
388 2466 567 2532 lumborum
602 2469 669 2533 eius
704 2470 736 2533 ot
766 2467 848 2534 tides
880 2466 1066 2530 cinctorium
1099 2487 1210 2538 renum
1242 2474 1321 2539 eius.

153 2567 242 2632 ”Et
273 2567 363 2650 post
396 2587 536 2635 uersus
563 2568 635 2635 LX:
678 2569 763 2635 Ecce
796 2570 874 2636 dens
901 2573 1041 2640 saluatur
1069 2593 1169 2655 meus,
1203 2573 1321 2640 fiduci-

194 2669 287 2734 uiiter
309 2689 403 2754 egam
431 2673 464 2736 et
490 2691 552 2738 non
573 2673 701 2738 timebo.
740 2675 815 2756 qniu
835 2673 987 2740 fortitudo
1009 2697 1082 2742 mec
1104 2679 1137 2742 et
1156 2677 1227 2743 lons
1248 2693 1322 2742 moa

180 2771 340 2838 ¹(lominus
363 2774 450 2854 deus,
475 2775 508 2840 ct
528 2774 632 2841 fuctus
655 2777 704 2842 est
724 2778 803 2842 mihi
823 2778 856 2842 in
873 2778 1017 2844 sulutem.
1054 2781 1206 2845 haurietis
1224 2794 1321 2863 aquius

192 2874 225 2937 in
247 2875 428 2958 goudiode
450 2878 587 2945 fontibus
610 2879 793 2945 saluatoris:
829 2882 861 2946 et
883 2881 996 2948 dicetis
1017 2882 1129 2947 inille
1152 2883 1219 2948 die:
1242 2900 1320 2948 oon-

193 2977 327 3044 fitemini
364 2981 490 3048 domino
527 2985 560 3048 ct
591 2983 738 3049 inuocato
769 3004 883 3050 nomen
918 2987 1001 3066 eins,
1035 2986 1126 3051 notus
1159 2985 1255 3051 foeite
1287 2986 1320 3050 in

153 3081 317 3165 euopolis
340 3083 577 3152 adiuuentiones
601 3087 677 3166 eius,
704 3088 897 3154 mementote
926 3090 1073 3171 qnoniam
1097 3089 1257 3155 excelsum
1273 3089 1322 3155 ost

192 3189 406 3255 nomenoius.
451 3191 578 3255 cuntote
609 3191 743 3270 domino,
775 3192 922 3277 quonium
950 3192 1118 3276 magnifice
1145 3192 1230 3270 fecit,
1261 3192 1321 3257 ud-

193 3291 336 3356 nuntiute
358 3293 417 3358 hoc
444 3293 477 3357 in
506 3294 656 3360 uniuersa
681 3295 775 3360 terre
822 3297 928 3362 exulto
963 3297 995 3361 et
1026 3297 1133 3375 leuda,
1166 3295 1320 3362 habitatio

194 3393 286 3460 Sion:
310 3397 385 3478 quia
405 3415 540 3480 mugnus
561 3397 594 3462 in
615 3398 721 3463 medio
750 3398 798 3464 tri
821 3400 949 3465 sanctus
977 3399 1107 3464 Israhei
1152 3399 1201 3464 Et
1228 3397 1322 3480 post

193 3663 228 3718 12
255 3579 375 3721 2-16Εε,
394 3581 420 3644 5,
438 3581 541 3636 20-23
612 3584 691 3638 8Es.
709 3585 752 3651 10,
771 3585 838 3639 1-2
909 3587 937 3640 11
959 3585 1150 3652 ns.11‚2-5
1224 3584 1321 3640 nonu.

228 3704 237 3733 φ

244 3836 379 3906 leliquot
396 3843 482 3893 uersus
500 3856 519 3893 a
588 3841 736 3895 iuniorum
755 3841 858 3898 P’Ruo
934 3843 1145 3898 8courendunr
1162 3843 1253 3898 ΜΘΗι

192 3921 228 3991 et]
248 3921 396 3977 scribentes
409 3931 579 3979 murrinum
595 3927 628 3980 irc
645 3943 732 3998 maro.
751 3928 818 3983 add.
837 3929 874 3983 P’
943 3931 975 3984 10
990 3929 1098 4000 proedo]
1117 3927 1168 4000 pic
1180 3927 1252 3983 ΜΡ

193 4006 223 4060 11
243 4009 321 4076 pauli
335 4009 379 4078 M,
395 4009 444 4079 pei
460 4011 493 4074 P,
526 4011 635 4080 poulolu
653 4013 685 4068 51
790 4021 932 4084 requrescnr
951 4013 1047 4070 nfflu
1153 4014 1185 4069 13
1203 4015 1319 4084 replcunr

191 4093 293 4148 MPoc
374 4095 449 4151 leet
468 4098 499 4150 16
515 4097 648 4152 undicumt
667 4099 751 4155 MPO
829 4100 862 4154 16
879 4102 991 4172 iustitis]
1007 4099 1105 4156 iudicio
1123 4117 1142 4156 a
1227 4115 1319 4170 urgunt

191 4177 230 4232 1²¹
299 4180 332 4233 17
349 4181 455 4252 terrum]
473 4186 523 4236 'tre
540 4183 579 4238 Μ
643 4185 692 4255 sui]
712 4185 806 4240 crurS
871 4185 905 4240 19
923 4186 977 4240 eius
996 4203 1046 4242 om.
1065 4187 1095 4242 8¹
1173 4191 1321 4258 peruentum

190 4262 238 4318 LX
254 4264 302 4329 1⁰¹,
319 4273 382 4336 pont
400 4265 462 4322 ucis
474 4269 533 4339 plur
552 4275 639 4324 nunus
651 4269 699 4324 LX
717 4270 745 4335 S,
763 4273 827 4340 posu
845 4272 945 4341 aliquot
960 4279 1024 4328 ucrs.
1043 4290 1062 4326 u
1152 4271 1198 4328 XL
1216 4275 1253 4328 P·

190 4349 225 4404 23
243 4351 338 4406 dncurnr
352 4355 423 4409 ΜΡΙ
