3159 4967
423 476 470 531 De
488 476 618 531 diuinis
634 480 818 549 seripturis
836 481 907 535 siue
925 480 1107 550 Speculum
1264 483 1327 549 551

194 667 382 734 laudubitus
410 671 443 733 in
472 668 537 734 illo.
581 668 680 733 Item
709 668 813 734 illie:
843 668 905 751 Qui
929 668 1022 735 docet
1047 668 1147 735 filium
1170 688 1271 749 sunm,
1294 670 1327 735 in

200 770 303 836 zelum
333 770 431 837 mittit
459 770 631 836 inimicum
668 771 812 837 mortuus
838 772 887 837 eet
915 772 1005 854 pater
1028 772 1060 836 et
1081 773 1173 856 quusi
1193 792 1254 839 non
1277 773 1328 839 est

200 876 354 953 mortuus,
378 874 513 940 similem
536 875 618 939 enim
640 874 769 957 reliquit
788 876 861 957 post
882 894 927 941 ue.
958 862 1069 941 ‘Item
1090 876 1195 941 illie:
1218 877 1327 960 llquns
1387 900 1390 907 ·

200 977 373 1043 indomitus
403 978 512 1043 euadit
540 978 648 1056 durus,
679 978 712 1043 et
739 977 825 1042 filins
854 977 1005 1043 remissus
1035 978 1144 1043 euadit
1164 998 1325 1061 praeceps.

174 1098 301 1146 eeurnu
322 1080 480 1146 ceruicem
495 1080 564 1146 eius
584 1080 617 1145 in
638 1080 813 1159 iuuentute,
837 1080 870 1145 et
886 1080 984 1146 tunde
1006 1080 1109 1145 lutera
1129 1081 1225 1159 illine,
1251 1080 1326 1147 dum

199 1182 303 1248 infans
332 1184 391 1261 est,
421 1203 460 1273 ne
488 1182 569 1249 forte
597 1183 725 1248 induret
747 1184 780 1248 et
801 1202 861 1249 non
885 1181 1038 1249 obaudiat
1058 1184 1101 1264 te,
1133 1185 1165 1249 et
1188 1186 1248 1250 erit
1267 1185 1327 1251 tibi

202 1286 291 1353 dulor
314 1288 447 1352 animae.

719 1476 817 1562 LXI.

279 1655 467 1697 SANCTORVM
490 1654 738 1698 convnnsmom
759 1656 800 1697 m·
820 1655 999 1697 monum
1021 1654 1249 1697 ADHERENDVM·

163 1798 190 1839 1⁰
243 1768 286 1833 ln
307 1766 550 1851 prouerbiie:
581 1768 719 1846 quenis,
743 1767 799 1852 qui
821 1786 894 1832 eum
915 1768 1036 1847 saneto,
1059 1767 1180 1833 directe
1204 1768 1253 1832 est
1274 1766 1330 1832 nia

201 1871 279 1937 eius.
321 1871 405 1936 auris
439 1870 528 1935 audit
562 1871 595 1935 et
627 1871 738 1937 oculus
770 1870 870 1949 uidet,
905 1890 1000 1953 opere
1033 1870 1152 1936 domini
1183 1870 1327 1953 utruque.

201 1974 299 2039 Item
321 1974 360 2038 iu
385 1973 693 2039 eeclesiastico:
717 1974 797 2040 (lum
821 1974 929 2039 saneto
946 1974 1098 2040 adsiduus
1114 1974 1191 2053 esto,
1215 1992 1328 2057 quem·

201 2094 335 2159 eumque
358 2077 543 2160 cognoueris
565 2077 807 2142 consumentem
828 2078 974 2143 timorem
998 2076 1059 2143 dei.
1097 2078 1197 2143 Item
1218 2077 1327 2143 illie:

200 2303 244 2362 illi
263 2303 378 2376 flagella
399 2320 510 2377 neque
532 2302 563 2361 in
584 2302 674 2361 uelum
695 2303 850 2364 inimicum.
893 2305 983 2364 Item
1006 2322 1079 2380 cup.
1102 2305 1184 2365 m:
1211 2286 1328 2379 Aeduus
1359 2322 1383 2365 α

161 2415 193 2457 ις
200 2388 355 2475 indomitus
376 2390 405 2447 et
426 2388 498 2447 uude
521 2388 617 2459 durus,
641 2391 670 2447 et
690 2388 775 2448 filius.

242 2492 315 2552 m
354 2510 541 2553 sincrum
578 2510 827 2553 convnmnmem
857 2512 897 2553 nu
929 2510 1065 2555 mcum
1097 2512 1327 2554 nnnnnunnvn.

199 2577 239 2636 ln
261 2577 472 2652 prouerbiis
493 2593 565 2653 cap.
589 2578 673 2637 XXI:
698 2578 802 2637 Aurem
824 2578 983 2639 audientem
1005 2580 1034 2637 et
1056 2577 1166 2638 oculum
1187 2577 1330 2637 uidentem

199 2800 280 2860 XVI:
311 2798 410 2874 Equus
443 2798 596 2859 indomitus
628 2798 729 2858 euadet
762 2798 858 2869 dusus,
893 2801 921 2858 et
954 2799 1029 2859 illius
1062 2800 1198 2859 remissus
1228 2800 1329 2860 euadet
1356 2816 1383 2877 μ

199 2901 334 2961 praeceps
357 2901 472 2958 unque
493 2901 529 2943 ne
550 2885 580 2943 in
601 2884 805 2959 turpitudinem
826 2884 905 2943 illins
927 2884 1062 2981 edendae.

160 3017 189 3057 ,ο
242 2988 315 3047 LXI.
344 3006 532 3047 sundronvm
562 3006 809 3049 convii-nemnem
831 3006 875 3047 nn
891 3006 1068 3049 munuum
1097 3006 1327 3051 nunnunnnvn.

199 3090 240 3150 In
261 3088 468 3165 prouerbiis
491 3105 566 3164 cap.
582 3088 661 3148 XXI:
684 3088 727 3147 Ex
743 3089 846 3148 studiis
862 3090 922 3149 suis
938 3089 1108 3165 intelligitur
1122 3107 1192 3164 puer
1213 3106 1328 3164 neque

200 3175 330 3234 dominun
352 3174 420 3233 feeit
440 3175 597 3248 utrumque.
642 3175 681 3234 In
702 3174 959 3235 eeclesiastico
982 3192 1056 3250 unp.
1074 3174 1152 3235 m:
1176 3174 1245 3234 Cum
1266 3174 1329 3233 nire

201 3264 299 3320 sancto
328 3261 448 3321 maxime
477 3260 610 3319 assiduus
636 3261 697 3318 esto
719 3277 920 3335 quemcumque
944 3262 1110 3335 eegmoueris
1133 3262 1329 3321 obseruantem

304 3475 597 3540 inconeueetl
642 3478 647 3489 ·
699 3474 856 3532 enne
876 3477 910 3534 12
1014 3476 1047 3531 ιο
1071 3458 1207 3547 umine,
1228 3478 1258 3532 11

201 3562 235 3617 m
252 3562 332 3618 nem
350 3562 391 3632 en,
411 3562 444 3617 12
460 3562 514 3631 (ιὸ)

251 3759 371 3825 2ίοΙυιιι
388 3768 533 3833 nuncu,
562 3768 656 3823 owed
756 3770 799 3822 eet
816 3773 883 3823 ante
898 3768 983 3838 puter]
1003 3784 1031 3821 ee
1048 3767 1079 3822 F
1176 3767 1194 3821 3
1216 3768 1330 3837 reliquid

201 3857 236 3926 S,
264 3856 390 3927 relinquit
406 3856 506 3919 MC,
534 3855 666 3925 relinquid
683 3856 723 3926 L,
749 3855 874 3909 mitum
974 3855 1039 3926 illie]
1057 3855 1086 3909 in
1104 3854 1281 3909 ecclesiasten
1299 3856 1332 3909 F

199 3943 316 3999 nmo
393 3940 520 3996 tenudit
535 3940 615 3995 durue
631 3957 682 3996 em.
705 3941 738 4006 V,
765 3940 815 3996 eod
832 3946 906 4009 spat.
924 3956 987 3995 uae.
1006 3945 1048 3994 eet
1127 3938 1223 3993 euudet
1240 3938 1331 3994 FMO

199 4030 244 4085 die
330 4025 426 4083 euadet
447 4027 474 4081 V
556 4028 618 4082 dte
636 4043 687 4085 oen.
710 4026 734 4083 0
821 4026 954 4081 9'truutui
971 4025 1088 4080 FMVL
1175 4024 1207 4079 10
1225 4025 1328 4095 sancte]

109 4098 113 4107 '
198 4114 267 4169 aue.
285 4116 328 4167 en
349 4113 491 4171 nunno
592 4114 623 4167 11
649 4102 739 4169 oeni·
762 4111 801 4166 m
837 4170 840 4179 ,
901 4111 934 4165 13
955 4112 1077 4166 umorem
1099 4109 1143 4165 dei
1167 4110 1329 4174 sumne,

198 4194 321 4255 timerem
337 4198 385 4253 ddi
402 4200 432 4264 0,
459 4200 496 4267 cf.
515 4203 577 4267 472,
595 4203 639 4270 10,
664 4198 714 4259 vde
731 4195 843 4257 lutolde
939 4197 1001 4265 illic]
1020 4195 1066 4250 ubi
1084 4212 1162 4267 supra
1179 4196 1330 4259 nmo,

198 4304 242 4358 die
334 4302 369 4355 20
385 4289 512 4388 metitm
533 4320 565 4371 μ,
589 4308 700 4373 pwwtu
716 4316 809 4371 upra
825 4299 963 4371 syllabam
980 4302 1010 4353 tu
1027 4304 1054 4353 et
1071 4298 1153 4367 infru
1170 4303 1333 4354 atramento

198 4406 317 4476 scripta,
334 4410 427 4461 cetera
445 4406 532 4461 minio
