3159 4967
370 478 416 533 De
435 478 561 534 diuinis
580 481 759 549 scripturis
778 480 850 534 siue
868 480 1049 549 Speculum.
1211 482 1274 547 671

144 690 264 737 cerum.
309 672 408 736 Item
430 670 467 735 in
491 672 600 736 esaia
621 672 832 755 propheta:
855 671 925 736 Illic
950 674 1115 761 occurrent
1130 671 1216 736 cerui
1242 672 1274 736 et

143 775 299 841 uidebunt
328 774 442 839 faciem
473 792 562 839 suam
590 774 737 839 inuicem.
778 774 810 839 in
841 794 970 840 numere
1002 776 1205 853 transierunt,
1241 776 1274 839 et

144 896 208 943 una
231 896 338 943 earum
361 896 420 942 nen
443 876 545 960 periit,
570 876 671 942 altera
690 876 730 941 ad
754 876 887 942 alteram
909 896 968 942 nen
993 878 1159 961 quaesiult‚
1192 896 1273 961 que-

144 980 230 1045 niam
253 978 396 1046 deminus
418 979 583 1044 mandauit
603 979 678 1056 illis,
703 982 736 1045 et
757 980 887 1063 spiritus
903 981 970 1046 eius
986 980 1193 1065 cengregauit
1208 999 1273 1047 eas.

113 1083 178 1149 eet
200 1084 267 1166 ipse
289 1082 388 1147 mittit
409 1084 441 1147 in
466 1101 519 1147 eas
543 1084 671 1161 sortem,
696 1084 728 1147 et
750 1101 862 1148 munus
886 1084 953 1148 eius
969 1083 1078 1149 diuisit
1099 1086 1272 1167 pasturam.

143 1186 175 1251 in
208 1188 370 1252 aeternum
399 1186 524 1268 tempus
554 1184 763 1250 hereditatem
790 1185 1003 1269 possidebitis,
1035 1186 1120 1250 etin
1143 1188 1275 1251 saecula

144 1290 342 1355 saeculorum
364 1288 571 1372 requiescetis
592 1289 624 1353 in
649 1308 694 1354 ea.

637 1510 781 1597 CXXX.

437 1689 521 1743 Quen
547 1690 660 1732 rervm
683 1690 788 1744 novus
811 1692 979 1733 urceum

100 1835 131 1876 ιο
187 1805 228 1867 ln
251 1802 357 1868 libre
381 1803 531 1869 hester:
554 1804 700 1870 Flumina
723 1805 830 1869 autem
850 1805 939 1870 eraut
952 1805 1073 1888 gentes,
1098 1823 1179 1887 quae
1194 1823 1272 1869 cen-

144 1907 298 1971 nenerunt
327 1906 458 1989 perdere
491 1926 592 1989 genus
619 1907 816 1973 iudaeorum.
862 1910 959 1973 Item
992 1909 1029 1973 in
1063 1908 1272 1973 hieremia:

145 2009 227 2073 Eece
259 2028 359 2091 aquae
391 2010 565 2075 ascendunt
588 2012 627 2075 eh
652 2009 798 2093 aquilone
819 2011 851 2076 in
873 2012 1044 2076 terrentem
1066 2011 1272 2076 inundantem

145 2110 177 2175 et
198 2110 396 2177 inundabunt
425 2114 542 2177 terram
566 2113 599 2177 et
619 2112 848 2195 plenitudinem
871 2114 949 2192 eius,
978 2114 1142 2179 ciuitatem
1167 2113 1198 2178 et
1220 2115 1272 2178 in-

142 2322 214 2364 uens
247 2304 384 2379 psalliens
417 2304 447 2363 in
479 2304 631 2373 mentibus,
665 2305 830 2365 transiliens
864 2306 959 2365 celles.
1003 2306 1043 2365 In
1071 2308 1175 2365 essia
1197 2324 1272 2381 cap.
1303 2328 1326 2368 ec

101 2414 129 2455 se
231 2409 238 2447 ε
272 2389 335 2449 Illie
368 2392 568 2450 dememorant
600 2390 678 2449 cerni
700 2392 729 2449 et
749 2390 883 2449 uiderunt
911 2391 1012 2451 faeiem
1042 2408 1123 2450 suam
1151 2392 1273 2451 inuicem

141 2491 257 2550 nsque
280 2477 310 2535 in
333 2476 429 2535 secula
451 2476 608 2535 seculorum
629 2476 810 2550 requiescitis
831 2476 862 2534 in
884 2492 926 2535 ea.

186 2561 291 2623 CXXV.
330 2582 414 2633 oven
450 2582 563 2623 rervm
601 2580 705 2632 nourr
742 2580 911 2623 nrcsurvu.
946 2563 986 2622 In
1018 2562 1115 2622 libre
1147 2564 1273 2623 hester

143 2664 220 2722 cap.
310 2667 316 2705 :
339 2648 471 2707 Flumina
493 2648 587 2707 auum
609 2650 689 2706 erent
711 2648 813 2721 gentes
834 2664 907 2720 qnae
930 2651 1121 2708 conuenerunt
1141 2648 1272 2723 praedari

144 2748 235 2807 genus
257 2732 427 2792 iudaeorum.
474 2733 513 2792 In
535 2732 712 2792 hieremia
734 2750 807 2807 cap.
897 2734 1001 2793 :lieee
1022 2751 1095 2808 aque
1116 2734 1273 2794 ascendunt

99 2936 130 2975 se
143 2920 314 2995 hinnuloque
335 2936 488 2979 ceruorum.
532 2921 572 2980 In
594 2922 696 2981 esaia
718 2936 791 2997 cap.
892 2940 899 2978 :
922 2920 993 2979 Illuc
1015 2921 1182 2995 congregati
1206 2923 1274 2979 suut
1298 2944 1323 3002 μ

142 3006 223 3065 milui
245 3007 317 3065 alter
339 3006 375 3064 sd
397 3006 524 3065 alterurn.
547 3007 679 3080 requirite
694 3006 846 3081 diligenter
859 3006 889 3065 iu
911 3006 984 3065 libre
998 3006 1114 3077 demini,
1135 3008 1165 3065 et
1185 3006 1273 3081 legite

142 3110 259 3166 usque
283 3092 312 3151 in
335 3092 516 3166 generatione
537 3094 566 3150 et
587 3092 796 3166 generationem
818 3092 988 3151 habitabunt
1007 3093 1039 3151 in
1060 3109 1103 3152 sa.

187 3178 325 3238 llellllI.
359 3196 443 3250 even
472 3196 585 3239 rorum
615 3196 720 3249 nqvnn
749 3196 918 3239 nrcnsrvs.
951 3178 992 3237 In
1022 3178 1119 3237 libre
1148 3180 1273 3237 hester

143 3278 218 3338 cap.
322 3280 328 3321 :
351 3260 463 3322 Pamns
485 3264 559 3334 lons,
584 3263 632 3337 qui
655 3263 743 3323 creuit
765 3264 796 3323 in
817 3263 934 3323 fluuium
956 3264 1036 3323 etin
1057 3264 1148 3324 lucem
1171 3264 1271 3323 selem·

98 3374 128 3413 ee
143 3366 197 3421 que
226 3364 379 3408 conuersus
402 3350 497 3408 estet
525 3348 555 3407 in
578 3364 667 3423 equas
696 3349 833 3424 plurimas
853 3348 1024 3408 redundauit
1043 3368 1157 3425 usque
1178 3350 1271 3409 delere

143 3436 259 3509 conatae
293 3436 360 3493 suut
391 3448 492 3495 nemen
525 3433 696 3494 iudaeorum.
740 3436 779 3493 ln
805 3434 978 3493 hieremia
999 3452 1073 3511 cap.
1162 3434 1271 3495 :Haec

139 3718 159 3773 2
247 3634 327 3689 llis.
346 3634 387 3698 al,
406 3634 508 3689 15-17
612 3634 644 3689 10
669 3634 765 3689 Esther
783 3636 860 3699 10,8
964 3635 998 3688 12
1020 3634 1134 3689 Hieram.
1152 3634 1186 3688 47
1205 3634 1269 3703 (29),

177 3720 238 3773 eea

194 3893 393 3944 leecurrerunt
412 3891 445 3944 M
450 3891 506 3958 VO,
534 3891 715 3945 occurrenti,
796 3888 956 3945 tuiderunt
974 3888 1090 3944 mne
1167 3888 1269 3943 3unus

140 3992 230 4031 eorem
248 3976 284 4029 M
287 3976 361 4031 VLC
448 3976 582 4045 perierunt
600 3975 686 4032 luuh
779 3977 848 4031 ulter
865 3975 978 4029 alterum
996 3974 1066 4037 ML,
1094 3976 1163 4030 alter
1179 3989 1270 4029 cesum

145 4063 174 4131 C,
196 4067 270 4131 spat.
287 4077 349 4116 aee.
368 4060 400 4114 iu
422 4062 447 4115 V
536 4060 708 4131 quaesibitS
799 4061 1005 4131 leengreguuit
1023 4076 1067 4115 ees
1086 4060 1204 4116 MVLG

141 4148 268 4203 emittet
286 4146 337 4202 LO
438 4164 482 4202 eos
499 4148 527 4202 in
545 4150 642 4202 sertem
663 4148 773 4203 MVLO
873 4148 890 4201 7
912 4147 1075 4217 requiescitis
1101 4146 1202 4201 Mun

140 4238 157 4293 9
184 4250 267 4306 aquae
293 4250 345 4289 em.
371 4232 409 4287 M
510 4234 543 4289 10
565 4235 594 4287 in
616 4233 683 4289 libre
708 4248 758 4289 em.
781 4235 806 4290 0
905 4233 995 4288 hester
1018 4232 1119 4303 Mne,
1148 4237 1206 4287 ster
1225 4234 1269 4297 γ’,

141 4326 210 4377 ester
230 4322 273 4383 1⁷¹,
302 4318 456 4375 hesdraeS
557 4320 586 4372 ll
606 4319 715 4389 perdere
733 4318 767 4375 S:
796 4316 878 4390 pdare
896 4318 992 4384 me,
1021 4316 1156 4388 predicare
1172 4318 1200 4373 L

140 4409 279 4465 hieremias
295 4408 357 4475 (em.
369 4407 433 4461 item
445 4406 481 4473 in)
505 4406 528 4460 V
618 4406 650 4460 18
667 4404 835 4460 inundabunt
848 4406 882 4460 M
887 4406 977 4462 unc:
1002 4396 1207 4461 mundemus
