3159 4967
303 410 368 478 430
525 410 572 464 De
590 409 720 464 diuinis
737 411 918 478 scripturis
937 409 1006 464 siue
1025 409 1200 478 Speculum

304 602 465 677 hahemus,
501 598 628 664 domum
654 619 718 664 non
747 599 875 676 factam,
909 601 1069 664 aeternam
1099 599 1130 663 in
1158 598 1264 664 caelis.
1302 617 1378 663 nam
1406 598 1445 662 in

303 707 362 770 hoc
399 704 565 787 gemimus,
603 703 819 769 habitaculum
856 703 1007 778 nostrum,
1045 703 1130 785 quod
1167 702 1205 767 de
1243 702 1332 766 eaelo
1372 703 1442 768 est.

304 807 507 890 superuestiri
531 807 709 890 cupientes:
726 808 752 872 si
767 809 874 872 tamen
890 807 1026 890 spoliati,
1043 826 1103 872 non
1118 806 1205 884 nudi,
1222 805 1440 871 inueniamur.

303 930 376 976 nam
400 913 507 994 etqui
530 930 638 976 sumus
659 911 693 975 in
714 911 895 976 habitaculo
919 912 988 984 hoc,
1012 910 1168 992 gemimus
1190 908 1314 992 grauati
1337 908 1368 972 in
1396 927 1440 970 eo

303 1014 387 1096 quod
409 1015 555 1080 nolumus
577 1014 714 1097 spoliari,
742 1015 799 1080 sed
823 1012 1036 1096 superuestiri‚
1060 1013 1233 1095 cupientes,
1260 1013 1297 1076 ut
1324 1013 1438 1077 ahsor-

301 1119 413 1184 beatur
446 1118 580 1182 mortale
614 1119 672 1182 hoc
704 1137 723 1182 a
750 1118 827 1182 uita.
867 1117 919 1200 qui
948 1117 1054 1182 autem
1087 1115 1184 1180 efficit
1217 1135 1273 1180 nos
1305 1116 1337 1180 in
1369 1117 1437 1180 hoc

301 1221 415 1303 ipsum,
452 1221 539 1299 deus,
580 1222 634 1304 qui
668 1220 756 1286 dedit
789 1221 880 1286 nobis
914 1239 1017 1284 arram
1051 1219 1188 1302 spiritus.
1246 1220 1343 1284 Item
1383 1219 1435 1282 ad

301 1325 594 1409 philippenses:
618 1325 734 1390 Nostra
757 1325 864 1388 autem
887 1323 1084 1389 conuersatio
1108 1323 1139 1388 in
1156 1321 1253 1386 caelis
1270 1323 1328 1398 est,
1345 1321 1435 1386 unde

303 1428 335 1491 et
368 1429 559 1494 saluatorem
598 1427 800 1510 expectamus
838 1426 999 1492 dominum
1035 1427 1136 1492 iesum
1173 1425 1337 1499 christum,
1377 1425 1434 1506 qui

300 1531 485 1596 reformauit
506 1551 618 1614 corpus
641 1531 828 1596 humilitatis
851 1531 976 1596 nostrae
997 1531 1154 1595 conforme
1171 1529 1293 1612 corpori
1308 1528 1433 1611 gloriae
1449 1549 1476 1586 ιο

301 1653 388 1700 suae.
432 1635 532 1699 Item
563 1635 610 1699 ad
639 1634 1029 1700 thessalonicenses:
1058 1633 1213 1699 Nolumus
1241 1633 1349 1697 autem
1373 1651 1433 1696 uos

300 1737 455 1820 ignorare,
486 1737 609 1815 fratres,
641 1737 680 1802 de
711 1737 948 1816 dormientibus,
979 1738 1015 1802 ut
1036 1756 1098 1802 non
1120 1737 1228 1802 tristes
1252 1737 1322 1802 sitis
1346 1736 1433 1800 sieut

301 1841 333 1904 et
356 1841 453 1904 ceteri
476 1841 529 1922 qui
553 1860 640 1922 spem
663 1861 722 1906 non
749 1841 867 1906 habent
888 1841 920 1906 in
943 1841 1078 1908 domino.
1118 1841 1145 1906 si
1168 1839 1251 1905 enim
1267 1839 1432 1904 eredimus

301 1943 376 2025 quia
408 1944 494 2009 iesus
522 1945 665 2008 mortuus
694 1945 743 2008 est
772 1946 805 2008 et
834 1944 1013 2023 resurrexit,
1043 1945 1090 2008 ita
1119 1944 1151 2009 et
1180 1944 1258 2010 deus
1289 1962 1344 2008 eos
1376 1945 1430 2026 qui

301 2045 494 2111 dormierunt
525 2065 581 2130 per
613 2048 714 2112 iesum
750 2047 887 2114 adducet
921 2067 992 2112 cum
1025 2048 1091 2113 illo.
1132 2049 1192 2113 hoc
1223 2047 1306 2112 onim
1336 2047 1430 2111 uobis
1444 2069 1471 2107 rs

300 2148 435 2214 dicimus
461 2152 494 2214 in
522 2152 619 2215 uerbo
650 2151 777 2228 domini,
808 2151 882 2232 quia
900 2170 956 2215 nos
979 2151 1032 2233 qui
1056 2151 1202 2229 uiuimus,
1230 2149 1283 2233 qui
1306 2149 1428 2214 residui

300 2271 418 2331 sumus,
446 2256 478 2317 in
508 2253 679 2319 aduentum
713 2255 830 2320 domini
859 2273 918 2319 non
947 2255 1186 2337 praeueniemus
1216 2252 1427 2318 dormientes:

301 2357 448 2439 quoniam
476 2357 544 2439 ipse
574 2356 718 2422 dominus
740 2357 771 2421 in
796 2356 933 2423 clamore
962 2357 1142 2441 archangeli
1166 2356 1197 2420 et
1217 2359 1249 2422 in
1272 2357 1352 2421 tuba
1376 2356 1426 2420 dci

248 2570 269 2610 α
300 2565 377 2607 arma
421 2549 549 2624 spiritus.
609 2549 658 2607 Ad
694 2548 926 2623 philipenses
972 2565 1045 2624 cap.
1149 2569 1155 2606 :
1188 2551 1293 2610 Nostra
1331 2552 1425 2608 autem

299 2635 475 2693 conuersatio
498 2635 527 2692 in
550 2635 636 2693 caelis
659 2651 769 2708 usque
793 2633 972 2692 cumlormam
995 2635 1103 2710 corpori
1126 2635 1233 2708 gloriae
1255 2651 1333 2693 suae.
1374 2635 1426 2692 Ad
1439 2649 1466 2689 aa

297 2720 621 2778 thesalonicenses
665 2737 739 2794 cap.
828 2739 851 2798 .²
890 2721 1026 2778 Nolumus
1063 2723 1157 2780 subm
1192 2737 1244 2780 uos
1281 2721 1423 2794 ignorare,

296 2805 409 2876 fratres,
441 2806 475 2865 de
500 2805 703 2864 dormientibus
731 2821 843 2878 nsque
874 2823 983 2879 semper
1006 2823 1067 2864 cum
1092 2807 1201 2867 domino
1224 2805 1338 2865 erimus.
1383 2807 1423 2864 In

246 3015 269 3072 μ
297 2997 395 3053 nostra
423 3010 534 3065 usquo
558 2994 606 3067 qui
629 2993 706 3052 dedit
730 2994 813 3052 nobis
835 2995 941 3068 pignus
965 2995 1093 3069 spiritus.
1137 2995 1225 3054 Item
1248 2995 1289 3054 ad
1311 2995 1423 3070 phili-

297 3095 427 3154 penses
451 3094 526 3153 cap.
548 3079 621 3138 1111:
644 3080 748 3138 Nostra
771 3082 864 3138 autom
887 3081 1063 3140 conuersatio
1087 3080 1116 3139 in
1139 3081 1225 3141 caelis
1241 3083 1286 3140 est
1307 3097 1423 3154 usque

298 3164 406 3238 corpori
429 3164 567 3222 claritatis
589 3181 667 3224 suae.
712 3166 803 3224 Item
826 3164 868 3222 ad
889 3166 1235 3226 thessalonicenses
1257 3167 1364 3240 Icap.
1380 3169 1461 3228 Vns

295 3250 433 3310 Nolumus
463 3251 557 3311 autem
586 3265 638 3308 uos
668 3250 809 3324 ignorare,
838 3252 950 3320 fratres,
974 3252 1007 3310 de
1030 3251 1233 3312 dormientibus
1255 3269 1370 3326 usque
1393 3255 1422 3312 et

397 3448 413 3502 8
431 3447 498 3502 Phil.
517 3447 542 3512 3,
561 3448 594 3502 20
613 3450 641 3502 et
657 3448 690 3501 21
796 3449 826 3502 11
845 3448 859 3502 1
876 3449 965 3505 Thess.
982 3451 1008 3519 4,
1027 3449 1059 3502 13
1078 3449 1201 3520 (12)-16

347 3639 360 3692 l
384 3638 510 3692 habemus
534 3637 582 3692 So:
609 3638 752 3692 habeamus
775 3639 866 3694 MLO
965 3639 1064 3694 factam
1083 3640 1117 3694 S:
1145 3657 1224 3694 mauu
1242 3639 1340 3694 factem
1358 3641 1419 3695 ML

298 3725 335 3780 Co
420 3724 624 3793 3supemestiri
642 3724 692 3778 So:
719 3724 870 3794 superindui
888 3725 978 3781 MLG
1061 3725 1176 3795 spoliati]
1196 3726 1263 3782 odd.
1281 3726 1353 3782 etc

293 3811 311 3862 4
334 3813 361 3864 et
384 3815 450 3863 oute
473 3810 517 3879 qui
540 3827 589 3864 om.
614 3809 700 3864 MLG
802 3810 816 3862 7
840 3826 924 3864 arram
949 3812 981 3865 S:
1011 3827 1084 3865 arnna
1102 3811 1192 3874 Meo,
1220 3812 1350 3881 pignuso

293 3911 461 3981 8filipeuses
480 3913 508 3978 S,
537 3899 668 3982 philipens
689 3914 716 3968 L
819 3913 835 3968 9
858 3913 983 3968 christum
1005 3931 1055 3970 om.
1081 3915 1107 3970 L
1211 3916 1244 3969 10
1266 3916 1420 3972 reformabit

293 4015 310 4052 o
412 3998 570 4053 conformem
588 3999 697 4054 SMLO
798 4001 829 4054 11
855 3999 1072 4055 tessalonicenses
1095 4001 1122 4063 S,
1152 4001 1357 4056 tesalonicenses
1376 4003 1419 4072 K,

292 4083 497 4139 tesolouicenses
515 4086 542 4141 L
646 4086 679 4140 12
695 4086 786 4141 tristes
805 4087 863 4142 sitis
883 4088 914 4151 S,
944 4087 1085 4142 trlstemiui
1103 4087 1140 4142 M
1145 4129 1151 4150 ‚
1183 4088 1375 4144 contristemini
1391 4091 1419 4146 L

294 4169 332 4224 Oc
435 4171 766 4229 mindoniensem
871 4174 903 4228 15
922 4173 976 4244 illo]
996 4190 1026 4228 eo
1045 4175 1113 4230 LGo
1216 4173 1286 4228 enim
1304 4174 1355 4230 So:
1374 4191 1419 4230 eu-

292 4255 347 4308 tem
364 4257 451 4312 Meo
552 4258 718 4314 1reuue1'1tu
736 4261 763 4315 L
860 4261 1039 4330 preueuiemus
1058 4260 1105 4316 SL
1206 4261 1366 4317 dormientes
1386 4263 1419 4319 Sc

293 4355 338 4394 eos
356 4341 400 4410 qui
418 4343 480 4396 ante
498 4340 658 4398 dormierunt
676 4346 751 4413 (ante
769 4359 820 4400 om.
838 4348 863 4412 o)
883 4345 987 4402 MLOo
