3159 4967
373 460 420 515 De
438 457 565 513 diuinis
584 457 764 526 scripturis
782 456 857 509 siue
874 452 1058 524 Speculum
1218 453 1281 518 693

147 646 285 733 tempus,
301 668 403 733 neque
418 649 508 715 funes
522 650 588 713 eius
605 647 855 731 disrumpentur:
872 645 1018 729 quoniam
1033 662 1147 709 nemen
1163 643 1281 710 (lumini

148 772 300 837 magnum
328 753 467 819 necabis.
513 753 611 817 Item
640 751 678 815 in
700 749 897 815 hieremia
917 749 1125 832 propheta:
1158 748 1280 813 Taber-

148 857 299 923 naculum
327 857 419 921 tuum
448 855 598 920 miserum
628 854 748 920 iactum
780 853 838 931 est,
868 851 1281 935 pe1iit‚etemnespelles

151 961 220 1026 eius
243 960 405 1041 disruptae
428 960 509 1023 sunt.

120 1214 136 1256 e
655 1161 777 1246 exal.

522 1363 562 1403 ml
585 1361 717 1403 usumve
738 1360 907 1403 Lavacrum.

192 1494 235 1557 In
267 1492 403 1576 genesi
437 1492 635 1557 abraham:
669 1490 780 1557 Paruit
811 1491 917 1555 autem
948 1490 976 1554 ei
1008 1490 1086 1556 deus
1110 1491 1152 1555 ad
1172 1490 1279 1556 ilicem

148 1596 321 1675 mambrae,
345 1596 467 1660 sedenti
494 1595 543 1659 illi
573 1595 613 1659 ad
637 1595 751 1660 ostium
778 1594 976 1659 tabernaculi
999 1594 1066 1659 eius
1088 1592 1194 1660 medic
1217 1594 1278 1659 die.

151 1699 307 1764 adleuatis
341 1700 447 1763 autem
481 1699 582 1764 oculis
612 1699 678 1763 suis
706 1696 798 1776 uidit,
829 1698 862 1762 et
884 1716 960 1763 eece
982 1698 1047 1761 tres
1070 1698 1131 1763 uiri
1153 1698 1280 1763 stabant

105 1832 136 1872 ιο
150 1822 243 1888 super
273 1824 353 1870 eum.
384 1806 417 1868 et
438 1806 474 1869 ut
501 1804 592 1877 uidit,
622 1804 763 1868 adcurrit
785 1804 912 1868 obuiam
936 1803 981 1868 eis
1005 1803 1044 1868 ab
1067 1801 1147 1867 ustio
1169 1802 1279 1865 taber-

148 1908 254 1971 naculi
284 1908 332 1973 sui
356 1909 388 1973 et
412 1908 557 1973 adorauit
584 1908 817 1991 superterram
842 1907 874 1971 et
896 1907 991 1971 dixit:
1022 1904 1156 1983 demine,
1180 1906 1207 1971 si
1228 1906 1279 1970 in·

148 2011 221 2074 ueni
248 2012 386 2093 gratiam
415 2012 487 2076 ante
510 2012 552 2089 te,
583 2030 621 2075 ne
644 2010 826 2093 praetereas
848 2029 981 2094 puerum
1001 2009 1109 2073 tuum:
1139 2011 1281 2075 sumatur

151 2114 257 2177 autem
291 2132 373 2196 aqua
409 2115 441 2178 e't
471 2114 619 2178 leuentur
655 2114 754 2196 pedes
790 2114 900 2192 uestri,
938 2114 971 2177 et
1002 2113 1189 2196 refrigerate
1223 2114 1280 2179 sub

150 2216 302 2293 arborem,
327 2217 359 2281 et
380 2234 503 2281 sumam
525 2234 638 2299 panem
663 2216 694 2280 et
715 2216 958 2289 manducabitis,
989 2216 1021 2280 et
1041 2216 1153 2298 postea
1174 2216 1280 2280 trans·

107 2317 233 2397 scietis,
260 2319 492 2402 propterquod
519 2318 704 2384 declinastis
727 2318 768 2383 ad
789 2338 921 2402 puerum
942 2320 1094 2383 uestrum.
1133 2319 1166 2383 et
1188 2318 1278 2383 dire-

148 2548 277 2605 tuanen
298 2547 553 2606 commonebuntur.
599 2545 640 2604 In
661 2546 836 2605 hieremia
858 2562 932 2621 cap.
1021 2547 1279 2607 :Tabemaculum
1310 2575 1331 2616 a

148 2632 228 2689 tumn
249 2631 383 2690 miserum
404 2632 510 2691 factum
533 2632 577 2690 est
599 2634 628 2689 et
649 2646 745 2695 omnes
766 2632 855 2707 pelles
877 2631 948 2690 eins.

192 2716 337 2777 cxxxvi.
360 2736 401 2777 na
422 2736 556 2778 rsamvs
578 2733 746 2778 unvnsnrs.
769 2718 810 2776 In
832 2717 963 2792 genesi
986 2735 1058 2791 cap.
1074 2717 1197 2778 XVIIII:
1220 2719 1278 2794 Ap·

149 2803 244 2876 paruit
280 2805 373 2861 autem
411 2803 480 2862 deus
514 2805 614 2863 abraae
648 2804 678 2861 in
715 2804 871 2863 conuallem
902 2805 1045 2863 mambrae
1083 2821 1193 2877 usque
1230 2805 1278 2879 qui

107 3024 317 3101 romagnifieus
339 3025 469 3085 dominus
493 3025 561 3085 deus
585 3028 689 3085 noster.
726 3026 768 3087 In
789 3025 965 3085 hieremia
987 3043 1060 3103 pap.
1142 3027 1278 3087 :Tabes
1307 3055 1330 3115 μ

149 3112 280 3171 naculum
303 3129 395 3171 meum
416 3113 562 3171 aestatum
585 3114 629 3171 est
649 3129 764 3187 usque
787 3112 910 3187 disrupti
933 3112 1009 3171 suut.

191 3196 321 3258 CXXXV.
345 3217 538 3258 mersumve
560 3218 727 3258 nevarum.
751 3198 793 3255 ln
815 3198 947 3272 genesi
970 3214 1043 3274 cap.
1059 3198 1114 3257 XI:
1137 3199 1279 3275 Apparuit

150 3286 241 3341 autem
275 3283 404 3341 dominus
437 3284 560 3342 abrabae
594 3284 624 3341 in
658 3284 801 3343 conualle*
823 3284 975 3353 mambrae,
1009 3284 1119 3343 sedenti
1152 3285 1182 3343 in
1205 3286 1278 3344 ustie

249 3498 355 3555 2Hier.
375 3500 416 3565 10,
434 3498 468 3554 20
572 3501 588 3554 6
607 3498 673 3555 Gen.
693 3500 733 3565 18,
754 3500 820 3554 l-5

198 3705 211 3759 1
232 3704 437 3774 dirrupenturet
448 3706 531 3773 infru
543 3704 677 3776 dirruptae
695 3706 733 3761 Μ
825 3708 949 3776 queniam
961 3707 996 3761 S:
1021 3707 1083 3777 quia
1095 3706 1214 3763 amc

148 3790 265 3859 dperr'it
287 3790 412 3846 MVLO:
442 3792 530 3860 perdit
554 3792 576 3847 d
597 3795 717 3861 (ΜΛ)
827 3794 845 3846 7
867 3790 899 3846 ln
921 3794 1013 3862 genesi
1036 3792 1167 3863 Apparuit
1190 3795 1279 3847 autem

148 3882 207 3949 (ma.
226 3878 314 3931 autem
333 3878 368 3945 L)
386 3876 450 3933 deur
468 3878 583 3933 abrahae
602 3878 638 3933 ad
659 3868 777 3936 MVLG
794 3880 844 3947 (cf.
860 3883 888 3948 e)
992 3880 1100 3935 bilicem
1123 3878 1204 3943 ΜΨ,
1233 3880 1278 3934 be
1319 3906 1323 3913 ·

147 3964 231 4019 licem
243 3962 289 4027 Ψ,
317 3962 412 4033 ylicem
434 3966 457 4021 0
556 3964 700 4035 8manbre
723 3968 749 4021 V
848 3966 1013 4022 aendeutiS
1115 3966 1156 4021 illi
1175 3982 1225 4021 em.
1244 3966 1282 4020 Μ

151 4050 228 4106 Vae
327 4050 484 4107 bostiumS
510 4061 515 4093 ³
579 4053 644 4122 eius]
663 4053 703 4107 sui
721 4054 760 4107 Μ
762 4054 828 4107 VIso
931 4054 948 4107 9
967 4054 1090 4108 alienatis
1109 4053 1201 4121 MVO,
1229 4054 1279 4107 elc-

148 4137 216 4191 uatis
234 4137 261 4192 L
330 4140 419 4193 autem
435 4154 485 4194 om.
509 4140 535 4193 V
602 4140 634 4193 10
650 4140 762 4194 eecmrit
780 4140 894 4196 MVLO
961 4140 1049 4196 obiam
1068 4140 1089 4194 5
1156 4142 1230 4193 osteo
1250 4138 1279 4204 S,

148 4222 232 4277 beatio
255 4224 281 4279 V
382 4224 414 4278 la
437 4228 526 4279 autem
549 4240 600 4280 ons.
625 4226 740 4281 MVLO
841 4227 874 4279 14
896 4226 1018 4281 arborem
1042 4227 1075 4291 S,
1107 4225 1199 4280 arbore
1217 4225 1283 4280 MV

149 4306 240 4449 Iadec
319 4306 469 4364 transibitis
493 4311 618 4366 mcv
722 4310 755 4365 15
779 4326 892 4381 apuerc
916 4315 962 4366 tuo
984 4313 1009 4365 V
1111 4313 1139 4366 et
1155 4309 1278 4365 dixerunt

150 4408 198 4448 cm.
