3159 4967
399 445 445 499 De
464 443 593 499 diuinis
611 444 793 512 scripturis
811 443 884 497 siue
902 443 1078 513 Speculum.
1240 446 1304 513 565

177 633 275 697 Item
293 633 330 697 in
349 633 540 697 zacharia
557 634 767 715 propheta:
789 632 830 699 Et
846 650 1014 697 conuersus
1032 632 1179 697 adleuaui
1196 633 1303 698 oculos

176 754 274 813 meos,
310 735 341 799 et
362 734 430 799 uidi
453 741 485 799 et
508 754 582 799 ecoe
616 734 731 800 falcem
765 734 936 813 uolantem,
971 735 1094 799 stature
1127 736 1301 801 cubitorum

176 838 288 920 uiginti
318 839 349 901 et
376 837 511 902 latitudo
535 838 712 903 cubitorum
735 838 855 903 decem.
896 838 927 903 et
950 835 1027 901 dixit
1048 837 1142 902 mihi:
1171 839 1229 903 hoc
1255 840 1303 905 est

174 940 392 1018 meledictum,
423 941 507 1023 quod
538 942 613 1007 exiit
643 942 683 1007 od
712 940 875 1011 maledicos
901 941 956 1024 qui
978 941 1050 1005 sunt
1072 959 1166 1023 cuper
1188 942 1301 1007 faciem

150 1044 274 1109 etotiue
303 1044 422 1108 terrae:
458 1045 532 1126 quie
561 1046 661 1111 omnis
691 1044 740 1109 tur
771 1044 803 1109 et
832 1045 976 1127 periurus
1007 1062 1044 1109 ex
1071 1062 1109 1108 eu
1139 1063 1238 1126 usque
1263 1044 1303 1111 od

175 1147 309 1213 mortem
324 1146 480 1229 punietur.
509 1149 542 1213 et
555 1148 712 1230 proferam
726 1147 826 1225 illam,
844 1148 922 1213 dicit
938 1147 1082 1213 dominns
1098 1148 1302 1230 omnipotens,

176 1252 208 1315 et
241 1249 384 1316 introibit
418 1250 451 1316 in
484 1250 611 1319 domum
645 1251 722 1316 turis
756 1252 789 1315 et
820 1251 853 1317 in
887 1250 1015 1317 domum
1049 1250 1238 1332 periurentie
1271 1252 1302 1317 in

175 1354 299 1421 nomine
320 1372 393 1419 meo
414 1354 446 1419 in
468 1354 644 1431 mendacio,
668 1355 702 1420 et
721 1354 901 1437 requiescet
926 1354 957 1419 in
980 1353 1086 1419 medio
1110 1353 1202 1419 domo
1225 1353 1302 1430 ciue,

175 1457 208 1520 et
242 1457 475 1524 consummabit
511 1476 582 1523 enm
617 1459 651 1523 et
681 1458 849 1523 materiam
884 1457 952 1523 eins
985 1458 1018 1521 et
1048 1456 1190 1537 lapidem
1224 1456 1301 1523 cius.

137 1560 275 1628 mltum
297 1560 336 1625 in
361 1561 502 1626 exodo:
527 1561 619 1643 Quod
641 1562 668 1627 si
691 1562 761 1643 quie
783 1559 974 1627 inuoleuerit
988 1560 1123 1627 uitulum
1142 1559 1196 1624 aut
1212 1578 1301 1625 ouem

176 1664 207 1729 et
230 1663 382 1729 occiderit
413 1684 484 1729 eum
516 1665 570 1729 aut
599 1664 788 1742 uendiderit‚
813 1664 950 1747 quinque
973 1662 1090 1729 uituloe
1112 1661 1225 1728 reddet
1247 1680 1301 1743 pro

173 1785 235 1835 uno
256 1766 357 1832 uitulo
381 1768 413 1831 et
435 1767 583 1850 quattuor
598 1786 674 1833 oues
688 1786 744 1850 pro
759 1785 823 1833 una
844 1786 913 1833 oue.
958 1766 1059 1831 Item
1080 1763 1186 1831 illic:
1211 1763 1302 1847 Quod

174 1869 340 1953 eipeuper
371 1871 420 1935 eet
449 1871 481 1935 et
510 1890 571 1935 non
600 1871 696 1936 habet
723 1870 809 1935 unde
838 1869 962 1946 reddet,
993 1868 1109 1935 ueneat
1131 1886 1186 1950 pro
1209 1867 1300 1933 furto.

174 1972 257 2053 quod
281 1973 307 2037 ei
329 1973 502 2055 prehensus
531 1972 626 2037 fuerit
649 1975 681 2037 et
701 1972 866 2037 inuentum
895 1970 990 2036 finerit
1011 1970 1042 2035 in
1064 1970 1210 2035 manibus
1235 1969 1302 2035 eius

136 2100 161 2141 15
173 2074 292 2139 furtum
316 2076 354 2140 ob
379 2076 465 2140 asino
488 2094 588 2157 neque
611 2074 653 2139 ed
675 2093 768 2140 onem
790 2074 962 2151 uiuentem,
988 2073 1083 2155 duple
1104 2072 1225 2138 reddet.

171 2320 249 2381 iures
271 2335 361 2392 neque
384 2319 464 2378 oneri
486 2334 603 2392 reguum
622 2319 667 2379 dei
689 2318 886 2392 possidebunt.
923 2318 963 2377 In
987 2318 1204 2379 ezeceheria
1226 2334 1299 2393 ceo.
1331 2336 1352 2378 α

280 2423 287 2461 :
317 2405 356 2463 Et
377 2420 530 2465 conuersus
552 2404 646 2465 leucni
669 2404 765 2467 oculos
787 2420 865 2465 moos
888 2420 1002 2476 usque
1024 2402 1169 2465 materiem
1190 2404 1251 2465 eius
1274 2408 1302 2463 et

171 2489 294 2565 lapidem
314 2490 385 2552 eius.

172 2731 227 2792 VI:
248 2734 346 2808 Neque
367 2732 445 2799 fures
466 2748 556 2805 neque
572 2730 652 2789 anari
673 2746 793 2805 regnum
816 2730 861 2788 dei
882 2728 1079 2807 possidebunt.
1117 2729 1158 2789 In
1178 2733 1300 2794 nacte·
1328 2748 1351 2806 μ

133 2818 226 2877 coria
248 2835 321 2893 cap.
416 2836 422 2873 :
456 2816 494 2873 Et
526 2816 619 2875 lcuaui
652 2816 745 2878 oculos
779 2831 856 2875 meos
886 2818 915 2876 ot
944 2812 1004 2874 uidi
1026 2816 1054 2873 ct
1076 2830 1139 2875 ecce
1171 2816 1301 2882 uolumen

171 2901 272 2969 uolens
295 2904 324 2961 et
346 2902 417 2961 dixit
439 2901 475 2960 ed
496 2919 555 2964 me:
586 2900 654 2976 quid
678 2904 710 2960 tu
732 2901 812 2961 uideo
836 2917 949 2977 usque
972 2900 1001 2959 et
1022 2903 1167 2966 consumet
1189 2920 1251 2967 eum
1275 2906 1303 2963 et

172 2988 254 3065 ligna
275 2989 336 3048 eius
359 2990 389 3046 et
409 2986 519 3062 lapides
542 2986 613 3051 eius.

275 3222 287 3276 1
308 3222 385 3276 Zoch.
404 3221 430 3285 5,
448 3221 517 3276 1-4
619 3222 652 3275 10
669 3221 751 3276 Exod.
769 3220 812 3286 22,
833 3221 846 3274 1
952 3222 1038 3276 1211).
1056 3221 1073 3276 3
1092 3224 1154 3277 ece

223 3444 236 3497 1
263 3443 351 3498 ocrim
375 3442 443 3498 Item
460 3473 494 3483 -
512 3442 549 3497 Et
565 3472 598 3486 -
616 3440 695 3510 Quod
711 3471 746 3484 -
763 3442 843 3509 Quod
856 3472 888 3483 -
901 3442 982 3513 duple
1008 3443 1101 3499 reddet
1128 3460 1178 3500 om.
1209 3448 1235 3500 V

170 3529 306 3583 roucheria
332 3529 366 3590 S,
397 3529 500 3582 nucerio
530 3528 553 3583 0
653 3527 743 3597 propin
766 3543 819 3581 om·
839 3527 925 3583 Mne
1026 3531 1113 3585 leuaui
1131 3531 1231 3586 MLOo

170 3613 187 3667 2
204 3616 308 3669 etatum
325 3613 421 3677 MLO,
449 3614 523 3667 stetu
542 3611 568 3675 S,
595 3611 734 3681 longitudo
753 3613 809 3667 eine
826 3630 851 3677 c,
875 3614 963 3684 μῆκος
980 3614 1046 3669 Aio.
1149 3616 1299 3685 gubitorum

171 3699 194 3755 S
282 3698 699 3767 SXX(inrae.am.2)M
787 3697 868 3754 XM
959 3700 1092 3758 terito
1182 3700 1299 3756 5totiue

170 3801 220 3839 oen.
240 3784 327 3840 mc
421 3784 562 3855 nequies
662 3785 817 3839 iintroiuit
834 3784 897 3839 ML
994 3786 1059 3841 furio
1077 3803 1128 3841 om.
1147 3786 1234 3843 MLO

171 3871 244 3925 etin
262 3870 367 3925 domum
390 3886 441 3926 om.
466 3871 493 3925 L
595 3870 612 3924 8
636 3870 664 3925 in
681 3870 819 3925 mendacio
837 3872 895 3941 (tio
913 3871 979 3941 MC)
997 3873 1095 3928 MLG:
1125 3876 1152 3927 et
1167 3872 1299 3939 mendcio

172 3956 195 4011 S
294 3957 311 4011 9
337 3958 527 4012 oonsmnmeuit
553 3955 639 4011 Meo
737 3956 772 4011 10
799 3958 886 4012 uerbo
911 3956 979 4012 ltem
994 3990 1023 4000 -
1037 3956 1159 4027 Quod-
1173 3958 1249 4026 Quod
1265 3990 1299 4000 —

171 4041 250 4113 duple
268 4042 362 4097 reddet
379 4057 429 4099 cm.
448 4042 539 4099 MLO
641 4042 672 4097 11
696 4058 755 4097 enm
780 4042 813 4107 8,
841 4042 907 4097 cord
926 4044 984 4099 cod.
1004 4044 1083 4099 Aue.
1188 4045 1300 4115 quinque

171 4127 193 4183 S
293 4126 326 4181 13
344 4129 477 4185 uenietd
577 4129 611 4182 14
628 4128 830 4199 pruchenmd
1197 4120 1199 4125 ’
