3159 4967
272 419 336 482 100
654 412 680 467 S·
698 410 814 465 Aureli
831 410 1016 479 Augustini

272 622 363 669 suam
385 603 475 686 quasi
499 620 605 667 arcuum
626 601 785 666 mendacii
808 602 840 665 et
861 618 921 665 non
944 600 1105 666 ueritatis:
1135 599 1301 664 confortati
1324 602 1400 666 sunt

271 708 304 771 in
324 707 418 783 terra,
448 705 523 788 quia
551 705 590 768 de
616 704 702 768 malo
731 703 771 768 ad
799 703 920 768 malum
949 703 1069 786 egressi
1099 703 1171 768 sunt
1201 703 1232 766 et
1262 721 1313 768 me
1336 721 1397 768 nen

270 808 494 892 cognoucrunt,
518 807 597 871 dicit
619 807 771 872 dominus.
817 807 1031 889 unusquisque
1060 825 1095 872 se
1124 825 1143 870 a
1170 807 1310 888 proximo
1340 825 1397 872 suo

271 911 430 977 custodiat
453 911 486 975 et
507 909 538 974 in
561 909 646 974 omni
673 909 769 973 trane
804 927 860 974 suo
890 927 951 973 non
978 909 1095 974 habeat
1122 907 1287 974 fiduciam:
1322 909 1397 991 qnia

269 1015 369 1079 omnis
390 1012 488 1078 frater
509 1013 713 1096 supplantans
735 1012 950 1095 supplantabit
964 1013 996 1076 et
1011 1012 1111 1078 omnis
1128 1011 1249 1076 amicus
1263 1011 1396 1076 fraudu·
1422 1037 1439 1076 s

267 1119 369 1183 lenter
389 1117 525 1181 incedet.
572 1118 605 1180 et
631 1117 680 1180 uir
707 1115 837 1180 matrem
869 1133 961 1180 suum
989 1115 1146 1181 deridebit
1173 1116 1206 1180 et
1226 1115 1395 1180 ueritatem

267 1241 327 1286 non
338 1220 514 1303 loquentur.
544 1219 719 1284 docuerunt
730 1217 813 1282 enim
824 1217 965 1300 linguam
978 1234 1067 1282 suam
1078 1217 1166 1300 loqui
1177 1217 1394 1282 mendacium:

267 1324 303 1387 ut
324 1324 431 1406 inique
454 1322 593 1405 agerem,
615 1320 849 1385 laborauenmt.
883 1319 1036 1385 habitatio
1057 1319 1115 1384 tua
1137 1321 1169 1384 in
1191 1321 1296 1386 medio
1312 1320 1393 1385 doli:

266 1427 298 1490 in
322 1426 394 1491 dolo
415 1425 606 1490 rennuerunt
628 1423 709 1488 scire
732 1441 793 1502 me,
824 1422 901 1487 dicit
924 1421 1077 1488 dominus.
1122 1423 1289 1505 propterea
1314 1425 1393 1488 haec

267 1529 345 1594 dicit
367 1527 512 1592 dominus
535 1525 744 1592 exercituum:
769 1542 844 1590 ecce
869 1543 927 1608 ege
949 1525 1091 1591 conflabo
1114 1526 1147 1590 et
1166 1525 1304 1608 probabo
1329 1544 1392 1592 eos.
1408 1547 1437 1588 ro

266 1631 341 1713 quid
370 1631 452 1695 enim
482 1629 568 1694 aliud
595 1628 712 1693 faciam
742 1647 761 1692 a
787 1626 870 1692 facie
899 1627 984 1693 filiae
1010 1628 1117 1711 populi
1144 1629 1231 1692 mei?
1275 1627 1393 1710 sagitta

266 1734 435 1798 uulnerans
456 1733 566 1815 lingua
589 1749 706 1807 eorum,
731 1729 840 1794 dolum
854 1730 962 1794 locuta
984 1731 1033 1794 est
1054 1731 1086 1794 in
1109 1748 1162 1796 ore
1186 1749 1258 1796 suc:
1281 1749 1393 1812 pacem

265 1854 338 1900 cum
361 1835 463 1899 amice
485 1852 542 1898 soo
568 1833 707 1915 loquitur
738 1833 770 1896 et
801 1832 924 1898 occulte
946 1832 1034 1915 penit
1055 1833 1195 1900 insidias.
1241 1833 1392 1916 numquid

266 1955 358 2019 snper
379 1937 429 2002 liis
451 1935 679 2028 nen'uisitabo.
718 1934 797 2001 dicit
820 1936 973 2014 dominus,
1005 1937 1059 2002 aut
1080 1937 1113 2000 in
1134 1937 1229 2020 gente
1250 1937 1309 2002 tali
1331 1955 1391 2002 non

265 2040 437 2105 ulciscetur
453 2039 557 2103 anima
570 2044 665 2104 mea?
701 2039 748 2104 llt
768 2040 887 2122 paulo
909 2041 1015 2122 pest:
1031 2040 1119 2105 Haec
1137 2040 1215 2106 dicit
1231 2041 1391 2106 dominus:
1406 2057 1432 2098 1⁵

264 2163 324 2209 non
346 2143 500 2226 glorietur
521 2143 646 2225 sapiens
668 2143 700 2206 in
723 2143 878 2225 sapientia
901 2163 967 2220 sua,
992 2145 1024 2208 et
1046 2163 1106 2210 non
1128 2143 1280 2226 glorietur
1302 2143 1391 2208 sortis

263 2248 294 2311 in
317 2244 500 2311 fortitudine
522 2264 590 2324 sua,
614 2247 646 2310 et
668 2265 728 2311 non
751 2247 903 2330 glorietur
926 2246 1017 2312 diues
1037 2246 1070 2311 in
1087 2246 1207 2312 diuitiis
1230 2247 1310 2312 suis:
1334 2246 1392 2311 sed

262 2349 295 2413 in
318 2349 376 2412 hoc
400 2349 551 2431 glorietur
574 2349 628 2431 qui
649 2349 813 2432 gloriatur,
848 2349 928 2414 scire
959 2350 991 2414 et
1018 2368 1110 2416 nosse
1139 2369 1201 2428 me,
1236 2350 1310 2432 quia
1332 2367 1391 2431 ego

264 2471 334 2515 sum
358 2451 510 2530 domium,
534 2452 589 2535 qui
610 2451 692 2518 iaoio
707 2452 958 2518 misericordiam
973 2453 1006 2519 et
1019 2453 1173 2519 iudicium
1190 2453 1222 2518 et
1235 2453 1389 2518 iustitiam

262 2554 410 2619 interra
454 2555 533 2618 haec
562 2555 644 2620 enim
672 2555 800 2638 placent
827 2556 914 2634 mihi,
950 2555 1177 2622 sitdominus.
1222 2555 1271 2620 ut
1299 2557 1432 2638 posto

262 2656 337 2721 XVI
361 2676 515 2723 uersus:
537 2657 626 2721 Haec
650 2657 730 2723 dicit
751 2658 911 2724 dominus:
934 2657 1023 2722 iuxta
1037 2657 1106 2722 uias
1128 2658 1271 2741 gentium
1292 2658 1389 2724 nolite

264 2759 385 2825 discere
414 2761 447 2826 et
469 2779 489 2824 e
510 2760 608 2843 signis
636 2760 718 2825 caeli
739 2760 837 2825 nolite
859 2761 1000 2825 metuere
1023 2779 1104 2842 quae
1125 2761 1240 2826 timent
1260 2761 1388 2844 gentes:

263 2861 338 2943 quia
357 2861 446 2944 leges
467 2862 654 2944 pepulomm
676 2880 777 2927 uanae
801 2863 881 2927 sunt.
913 2863 987 2945 quia
1001 2862 1123 2945 lignum
1139 2863 1178 2928 de
1194 2862 1279 2928 saltu
1293 2881 1389 2944 prce-

263 2961 341 3026 eidit
363 2981 441 3045 opus
461 2982 575 3028 manus
597 2963 727 3030 artificis
749 2966 782 3029 in
805 2966 906 3030 ascia:
930 2967 1058 3048 argento
1082 2966 1114 3030 ct
1129 2984 1204 3030 auro
1228 2965 1389 3031 decorauit

261 3063 358 3128 illud:
381 3064 482 3130 clanis
499 3066 531 3129 et
543 3066 668 3132 malleis
682 3067 838 3150 conpogit‚
861 3069 898 3132 ut
912 3087 971 3134 nen
988 3069 1188 3134 dissoluatur.
1226 3071 1258 3134 in
1275 3068 1388 3134 simili-
1403 3081 1431 3122 ⁸⁵

261 3166 405 3232 tudinem
436 3168 561 3250 palmae
589 3168 862 3248 ichneumone,
897 3171 929 3235 ot
955 3189 1016 3237 non
1048 3171 1231 3254 loquentur:
1264 3172 1388 3254 portate

259 3267 420 3349 tollentur,
450 3271 524 3352 quic
545 3271 691 3337 incedere
720 3291 780 3338 non
811 3274 926 3339 ualent.
970 3274 1067 3340 nolite
1097 3293 1171 3358 ergo
1200 3275 1311 3341 timere
1340 3295 1389 3354 eu,

262 3371 336 3452 quia
357 3390 414 3437 neo
437 3372 521 3437 male
543 3375 675 3455 possunt
696 3374 811 3455 lacere,
835 3393 892 3442 neo
915 3377 1004 3442 bene.
1042 3394 1102 3442 non
1126 3379 1174 3443 est
1196 3377 1309 3444 similis
1329 3380 1387 3456 tui,

362 3593 395 3646 15
412 3593 483 3648 Hiar.
501 3594 527 3660 9,
545 3593 579 3648 23
597 3597 625 3649 et
640 3595 676 3649 24
743 3596 776 3650 21
794 3597 867 3654 Hier.
886 3599 927 3664 10,
945 3598 1028 3652 2-11

311 3801 427 3869 lenam]
446 3815 532 3854 meam
549 3801 587 3856 P¹
674 3805 931 3873 quaanlrcs.1)0
1020 3806 1131 3860 temne
1149 3807 1220 3862 ΜΡ·
1306 3809 1387 3865 [τιπι

260 3885 321 3940 GSa
394 3884 678 3954 dtubplnnrantMP
745 3889 1320 3962 lubplnnraurrMP1,lnpplanrabrrurR

257 3970 480 4025 fraudelenrch
544 3971 685 4028 tmcedrr
698 3973 778 4031 elec
848 3977 978 4046 dloquet
994 3978 1023 4034 B
1092 3979 1319 4050 Sdoli]ydoh1l

259 4057 289 4109 11
308 4055 404 4111 1111111
483 4057 631 4125 lngrraP¹
717 4060 751 4114 18
767 4061 901 4130 monetur
918 4068 1008 4117 ruram
1026 4064 1062 4118 ΡΙ
1143 4065 1320 4134 20placeto

257 4141 289 4194 21
309 4139 379 4210 xvi]
398 4141 535 4211 aliquota
597 4143 646 4198 dlis
662 4133 817 4205 dtMPOR
885 4148 919 4200 22
935 4150 1262 4216 morimundensem
1281 4155 1318 4208 Ρι

257 4227 292 4281 23
310 4226 382 4280 faire
400 4226 432 4281 0¹
502 4229 600 4298 pccdrt
617 4231 727 4287 MP¹O¹
797 4233 833 4287 24
849 4249 973 4290 manuum
990 4236 1027 4292 1³¹
1105 4237 1139 4292 26
1156 4238 1269 4308 palmae]
1288 4241 1389 4309 plasme

257 4321 292 4385 (q
309 4315 364 4384 Pa)
382 4313 485 4370 namo
