3159 4967
254 419 318 483 488
475 415 523 468 De
540 413 668 468 diuinis
685 413 868 482 scripturis
883 413 954 466 siue
971 413 1155 480 Speculum.

253 604 383 680 israhel,
405 603 433 667 ai
454 621 506 667 rna
529 602 677 678 audieris,
698 619 759 666 non
782 602 845 665 orit
864 602 897 665 in
917 603 951 666 Ie
972 601 1051 666 dous
1073 621 1195 678 resona,
1218 619 1275 668 noo
1300 603 1382 668 ado-

254 709 340 772 rabia
362 707 422 771 (loo
444 706 561 770 alieno:
584 723 644 787 ogo
666 703 749 768 onim
766 723 837 768 sum
853 703 998 768 (lominus
1015 703 1195 782 denotans,
1218 706 1271 788 qui
1287 705 1382 770 aduri

254 813 288 875 lo
310 811 350 874 do
370 811 457 874 tarra
474 807 608 892 aegypti.
646 808 747 872 liam
768 807 807 871 in
828 806 981 888 psalmo
1003 807 1107 872 XCV:
1131 808 1286 889 Quoniam
1309 827 1380 874 om-

255 931 311 978 noo
334 911 378 976 dii
398 912 541 995 gonlium
564 910 740 988 daemonia,
763 910 908 974 domiuus
930 927 1007 974 uoro
1030 909 1137 975 oaolos
1159 910 1244 975 Ieoil
1279 913 1381 976 llam

255 1018 292 1080 io
314 1015 461 1098 psalmo
475 1014 595 1080 xcvl:
621 1013 859 1078 confundantur
881 1031 989 1078 omnos
1012 1014 1066 1096 qui
1089 1014 1223 1080 adorant
1245 1015 1380 1098 sculpti-
1407 1039 1423 1078 a

253 1119 348 1196 libus,
378 1119 431 1201 qui
452 1118 628 1201 gloriantur
652 1117 684 1181 In
706 1117 884 1180 simulacris
907 1117 981 1182 auis
1028 1117 1128 1182 llam
1158 1118 1199 1182 in
1228 1117 1380 1200 psalmo

255 1221 377 1287 CXIII:
400 1220 579 1286 Simulacra
591 1221 732 1304 gentium
749 1221 914 1303 argonmm
931 1221 963 1284 ot
978 1239 1100 1298 aarum,
1121 1239 1217 1303 opora
1230 1239 1379 1286 manuum

255 1324 429 1390 homiuum:
452 1343 488 1388 oo
509 1325 636 1400 habent,
660 1325 694 1388 oi
713 1342 773 1388 non
795 1324 977 1406 loquantur:
1000 1324 1108 1388 oculos
1124 1325 1250 1400 habant,
1273 1327 1305 1389 oi
1319 1343 1381 1388 non

255 1427 421 1492 uidebant:
445 1446 537 1492 auras
558 1427 685 1504 habent,
708 1429 742 1491 ot
762 1445 824 1492 non
847 1426 991 1492 audient:
1013 1445 1105 1493 naras
1121 1429 1247 1505 habenta
1270 1429 1379 1492 otnon

255 1530 445 1596 odorabunt:
475 1548 587 1594 manus
615 1529 742 1607 habant,
774 1530 808 1594 ot
829 1547 889 1595 non
911 1531 1101 1612 palpabunt:
1130 1529 1229 1612 podes
1251 1531 1378 1608 habant,
1393 1550 1423 1590 ιο

255 1635 287 1696 oi
314 1651 375 1698 non
404 1632 626 1697 ambulabunt:
656 1651 717 1698 non
747 1632 930 1698 clamabunt
958 1635 990 1698 In
1019 1633 1147 1716 guttura
1177 1651 1244 1710 suo,
1277 1651 1379 1716 noque

254 1738 336 1800 enim
367 1736 417 1800 osi
445 1735 573 1817 spiritus
601 1735 634 1798 in
664 1753 718 1799 oro
747 1735 896 1816 ipsorum.
931 1735 1051 1800 amilon
1079 1736 1144 1800 illis
1171 1735 1250 1800 fiant
1271 1754 1379 1801 omnos

254 1839 307 1920 qui
341 1839 461 1904 Iaoiunl
493 1855 541 1912 oa,
576 1838 609 1902 ot
638 1856 747 1902 omnos
776 1839 830 1920 qui
860 1837 1022 1904 confidunt
1050 1840 1081 1902 in
1112 1840 1173 1904 ois!
1218 1841 1319 1904 Itom
1341 1840 1378 1903 in

251 1941 354 2006 libro
376 1941 612 2023 sapientiae:
640 1941 751 2023 Noquo
777 1941 924 2023 oporibus
947 1940 1155 2008 adtendentes
1180 1941 1377 2025 agnouorunt

254 2045 324 2128 ouis
348 2045 433 2110 esset
455 2045 575 2122 arulas,
605 2045 663 2109 sed
686 2047 742 2110 aut
762 2045 869 2127 ignom
907 2047 962 2110 aul
983 2047 1127 2128 spiritum
1158 2048 1213 2112 aut
1246 2047 1378 2112 citatum
1392 2073 1424 2113 ιε

255 2167 360 2213 aarum
395 2151 450 2213 aul
481 2167 592 2234 gyrum
626 2149 794 2215 stellarum
822 2151 876 2214 aui
908 2149 1037 2214 nImIam
1059 2167 1173 2231 aquam
1204 2151 1259 2212 aui
1279 2149 1378 2214 solam

255 2253 311 2316 aut
331 2251 439 2316 lunam
460 2253 600 2318 rootoroa
622 2253 707 2318 oriols
727 2253 832 2317 lorrao
857 2251 932 2316 daos
954 2253 1161 2334 putauerunt:
1197 2271 1329 2334 quorum
1351 2253 1379 2318 si

204 2482 226 2522 a
255 2463 284 2521 in
317 2465 392 2521 tarra
423 2463 541 2537 aegipti.
591 2464 630 2521 In
661 2463 748 2524 XCV:
782 2465 920 2534 Quoniam
954 2481 1049 2523 omnos
1082 2463 1121 2523 dii
1155 2463 1289 2538 gontium.
1337 2465 1379 2522 In

255 2547 355 2608 xcvl:
377 2548 589 2608 Coniundantor
603 2565 708 2608 omnes.
744 2551 784 2608 In
806 2549 924 2610 xolm:
948 2549 1105 2608 Simulaora
1119 2551 1246 2623 gentium
1268 2567 1379 2624 usquo

255 2636 304 2708 oui
334 2634 475 2694 confidunt
503 2635 533 2692 in
562 2635 613 2692 oio.
657 2636 696 2693 In
724 2636 817 2695 libro
848 2635 1056 2709 sapientias
1079 2653 1151 2710 oap.
1241 2655 1248 2693 ε
1281 2637 1422 2709 noque»

203 2843 227 2903 μ
255 2822 341 2880 llam
363 2823 399 2880 in
420 2822 559 2896 psalmo
582 2821 670 2882 IIOV:
704 2823 843 2893 Quoniam
877 2839 973 2882 omnos
1007 2824 1036 2882 di
1066 2823 1192 2898 gentium
1222 2825 1377 2883 daemonia.

255 2909 295 2968 In
325 2907 462 2982 psalmo
483 2907 585 2968 xovl:
619 2907 831 2968 confundantur
865 2925 960 2967 onmes
994 2909 1042 2982 qui
1075 2908 1194 2967 adorant
1225 2909 1377 2984 sonlplilia.

254 2993 296 3051 In
317 2993 454 3067 psalmo
475 2993 593 3052 oxlffl:
623 2993 779 3052 Simulaara
808 2995 935 3067 gonlium
964 3011 1077 3068 usquo
1107 2995 1155 3068 qui
1186 2995 1327 3053 confidunt
1348 2997 1379 3053 in

255 3079 307 3136 ais.
351 3079 390 3137 In
418 3079 513 3137 libro
543 3079 754 3153 sapientias
784 3097 856 3153 cap.
880 3081 961 3138 VIII:
994 3082 1091 3154 lloquo
1119 3081 1250 3154 oporibus
1280 3079 1377 3138 odion-

256 3163 353 3221 ‹lanios
375 3167 560 3237 agnouorunl,
584 3166 648 3238 quis
671 3166 749 3224 assat
769 3165 870 3225 uriion
891 3183 1002 3239 usquo
1024 3168 1095 3223 hano
1112 3166 1207 3224 omnia
1221 3166 1377 3225 oonsiituit.
1391 3183 1421 3224 as

355 3362 511 3428 opsono
596 3365 669 3420 51³⁸.
681 3366 752 3428 96,7
833 3365 1057 3434 7Ps.113,4-8
1138 3366 1171 3419 14
1183 3365 1243 3434 Sap.
1258 3365 1298 3433 13,
1312 3363 1378 3418 1-8

306 3549 388 3604 Ideo
407 3550 492 3604 alieno
511 3551 618 3621 8(θή
634 3551 790 3621 moini:
817 3552 895 3606 deum
913 3553 1026 3606 alionum
1044 3553 1172 3610 omos
1251 3567 1309 3606 sum
1327 3569 1377 3607 om.

255 3635 371 3693 MVLG
454 3637 573 3706 aduris
660 3637 778 3706 Sogipli
797 3639 936 3708 (seqraitur
954 3639 1058 3694 lucano
1075 3642 1113 3693 20
1129 3641 1188 3706 fere
1206 3639 1378 3704 litterarum)

253 3737 380 3776 memoras
398 3724 484 3776 ostoia
503 3723 545 3790 (ia
562 3724 647 3778 initio
665 3740 718 3792 aeq.
736 3724 784 3778 lio.
803 3726 864 3778 aino
882 3725 979 3792 rubro)
1003 3727 1033 3794 V,
1059 3741 1111 3780 om.
1128 3724 1238 3778 ltom—
1249 3725 1380 3790 Quoniam

254 3812 419 3877 --(491,
436 3811 482 3876 11)
504 3813 615 3878 peccata
636 3812 685 3864 tua
705 3810 773 3864 laem
797 3811 859 3866 illio.
968 3810 1130 3866 Idomonia
1153 3812 1207 3866 Lo
1306 3812 1378 3880 uero]

254 3897 342 3948 auum
358 3895 461 3950 Maca
552 3895 721 3965 osculptilia
737 3897 841 3952 MLCo
860 3899 952 3966 (roupi
971 3897 1069 3964 Gfore
1085 3900 1198 3968 sempor)
1285 3899 1380 3952 ‘loen-

253 3981 346 4034 tooimo
364 3980 564 4035 terciodecimo
584 3981 607 4034 0
706 3983 890 4051 aimulagraS
989 3983 1137 4038 munumS
1235 3984 1380 4054 Sloquun-

253 4069 297 4118 tur
319 4067 378 4120 SM
381 4083 388 4116 :
417 4067 557 4134 loquentur
578 4067 643 4122 LCo
748 4068 780 4122 ll
803 4067 945 4136 guithurao
968 4069 1006 4122 M
1107 4069 1140 4123 12
1163 4069 1230 4122 fiant
1253 4069 1298 4138 qui
1318 4073 1379 4134 (oon.

254 4156 351 4218 ornnes)
378 4151 482 4206 mov
585 4151 618 4205 15
644 4155 710 4222 quii]
736 4154 804 4207 odd.
833 4169 920 4210 eorum
948 4154 1039 4210 MLG
1140 4155 1259 4224 spirltum
1285 4154 1381 4218 HLO,

252 4237 385 4298 orImitnm
411 4237 435 4292 S
535 4241 582 4292 aut
607 4245 673 4294 orote
699 4240 799 4309 gyrum]
828 4241 855 4293 et
881 4241 970 4297 Mne
1080 4242 1113 4296 16
1139 4243 1223 4310 girum
1249 4241 1311 4295 ML

254 4339 286 4391 ll
305 4337 376 4407 dooa]
395 4329 468 4394 Μ
567 4342 657 4398 aiom.
679 4343 718 4396 M
