3159 4967
277 454 341 519 462
499 451 545 504 De
563 449 688 504 diuinis
706 448 886 518 scripturis
904 449 975 502 siue
993 449 1176 517 Speculum.

278 642 386 706 suetus
417 641 466 706 uir
495 640 599 706 cordis
627 640 771 705 medicus
799 639 861 705 est:
890 639 977 705 tinea
1001 639 1106 704 autem
1129 640 1252 706 ossibus
1274 657 1328 704 cor
1350 636 1403 702 in-

277 745 442 827 tellegens.
482 745 581 809 Item
604 743 709 808 illic:
731 743 846 807 Melior
869 742 918 808 est
938 745 1121 808 mansuetus
1137 763 1209 808 oum
1224 743 1403 808 bumilitate

279 867 373 930 quam
410 846 464 929 qui
501 845 616 911 diuidit
650 845 801 928 praedam
835 863 907 910 oum
943 846 1186 912 contumeliosis.
1231 845 1331 910 Item
1364 847 1403 910 in

279 949 584 1016 eeclesiastico:
614 949 685 1026 Fili,
707 949 740 1012 in
761 948 1003 1014 mansuetudine
1026 967 1121 1032 opera
1142 949 1199 1014 tna
1220 949 1346 1031 pertice,
1369 949 1405 1012 et
1443 987 1447 997 ·

279 1055 318 1119 ab
342 1054 425 1119 omni
447 1054 571 1118 homine
594 1052 744 1135 diligeris.
789 1053 889 1118 Item
916 1053 1020 1118 illic:
1053 1053 1130 1119 Esto
1152 1052 1336 1118 mansuetus
1361 1051 1405 1116 ad
1432 1072 1448 1111 s

279 1155 471 1221 audiendum
499 1158 642 1235 uerbum,
672 1156 709 1220 ut
733 1156 917 1240 intellegas:
949 1158 981 1220 et
1003 1175 1075 1220 oum
1098 1156 1253 1239 sapientia
1272 1155 1404 1239 loquere

277 1279 462 1343 responsum
484 1279 603 1325 uerum.
645 1261 746 1326 Item
767 1259 875 1325 illic:
898 1261 970 1338 Fili,
992 1261 1024 1324 in
1046 1259 1287 1325 mansuetudine
1310 1278 1405 1324 serua

279 1365 414 1428 animem
436 1365 535 1440 tuam,
560 1365 593 1429 et
614 1365 655 1428 da
674 1364 722 1428 illi
744 1366 894 1430 bonorem
910 1365 1083 1430 secundum
1100 1363 1285 1446 dignitatem
1301 1381 1402 1427 suam.

278 1468 376 1532 Item
411 1467 618 1551 apostolus
653 1466 700 1532 ad
734 1469 936 1550 ephesios:
975 1469 1113 1534 Obsecro
1148 1484 1222 1548 ergo
1256 1485 1313 1531 uos
1342 1483 1403 1546 ego

278 1569 404 1635 uinctus
426 1572 457 1637 iu
482 1571 616 1649 domino,
645 1571 684 1633 ut
706 1569 799 1653 digne
823 1571 990 1636 ambuletis
1012 1569 1187 1646 uocatione
1212 1586 1275 1651 qua
1295 1568 1403 1634 uocati
1418 1587 1444 1628 ro

279 1675 364 1752 estis,
387 1694 460 1740 oum
483 1675 565 1738 omni
587 1673 766 1737 bumilitate
782 1673 878 1738 animi
894 1673 925 1737 et
940 1673 1189 1750 mansuetudine,
1214 1691 1286 1736 cum
1301 1671 1404 1736 multa

277 1775 439 1856 patientia,
470 1774 689 1856 subportantes
719 1773 856 1837 inuicem
885 1774 916 1839 in
947 1775 1089 1852 caritate,
1121 1775 1248 1840 solliciti
1275 1795 1402 1840 seruare

279 1877 431 1941 unitatem
462 1877 589 1959 spiritus
622 1877 654 1942 in
687 1876 813 1942 uinculo
842 1879 938 1961 pacis.
984 1880 1085 1943 Item
1118 1879 1279 1944 iacobus
1312 1897 1402 1962 apo-

280 2105 354 2161 oap.
378 2089 470 2148 XVH:
492 2088 590 2147 Melior
612 2091 656 2147 est
677 2089 820 2148 humiliari
843 2107 905 2148 oum
926 2089 1043 2148 mitibus
1066 2107 1149 2164 quam
1165 2090 1288 2151 diuidere
1312 2091 1403 2166 spolia

280 2191 343 2231 oum
369 2174 508 2248 superbis.
553 2174 593 2232 In
615 2175 884 2234 eeclesiastico
908 2193 981 2250 oap.
1006 2175 1063 2234 III:
1093 2175 1158 2245 Fili,
1189 2177 1442 2236 mansuetudinem

280 2275 364 2332 opera
385 2261 435 2318 tua
455 2260 566 2334 perfice.
610 2262 699 2320 Item
722 2278 795 2335 cap.
818 2261 876 2320 III:
899 2261 968 2320 Esto
990 2263 1154 2320 mansuetus
1178 2264 1213 2321 ad
1236 2262 1403 2321 audendum

279 2347 403 2404 uerbum.
448 2346 538 2404 Item
561 2363 634 2420 cap.
658 2347 741 2408 VIII:
766 2347 831 2418 Fili,
856 2347 866 2404 i
887 2347 1101 2406 mansuetudine
1125 2365 1207 2406 serua
1229 2349 1323 2406 anime
1344 2350 1401 2406 tua.

278 2430 414 2491 Paulus
439 2432 481 2490 ad
502 2432 640 2490 elesios
664 2450 734 2508 cap.
836 2451 842 2488 :
873 2431 996 2492 Obsecro
1025 2449 1076 2492 uos
1099 2433 1211 2492 uinctus
1241 2433 1272 2491 in
1294 2435 1403 2492 domino

280 2517 452 2590 usquein
481 2517 592 2576 uinculo
616 2517 704 2592 pacis.
748 2519 903 2578 Iacobus
927 2535 999 2592 cap.
1093 2537 1100 2575 :
1132 2520 1202 2591 Quis
1231 2519 1404 2594 prudenset

227 2723 251 2782 μ
279 2707 376 2763 suetus
399 2704 443 2764 uir
465 2705 556 2763 cordis
578 2705 703 2764 medicus
725 2707 778 2775 est,
808 2705 885 2762 tinea
911 2707 1004 2764 summ
1026 2705 1139 2766 ossibus
1162 2722 1209 2764 cor
1229 2705 1403 2782 intelligens.
1418 2723 1444 2762 ao

278 2789 368 2848 ltem
391 2807 467 2866 cap.
486 2791 586 2850 XVII:
609 2791 711 2849 Melius
733 2792 778 2848 est
799 2789 939 2848 humiliari
963 2809 1025 2850 oum
1047 2791 1164 2850 mitibus
1181 2809 1264 2864 quam
1280 2793 1404 2851 diuidere

280 2877 372 2950 spolia
394 2894 456 2935 cum
480 2876 619 2951 superbis.
662 2878 703 2935 In
726 2875 987 2936 eeclesiastico
1011 2895 1081 2950 cap.
1104 2877 1162 2936 lli:
1185 2877 1250 2948 Fili,
1274 2878 1303 2936 in
1326 2897 1404 2936 man·

280 2962 427 3020 suetudine
457 2979 541 3036 opera
561 2965 612 3019 tna
632 2963 742 3037 perfice.
785 2963 875 3020 Item
899 2963 1052 3037 capili:
1082 2961 1152 3020 Esto
1182 2965 1346 3022 mensuetus
1370 2965 1407 3022 ad

280 3048 449 3105 audiendum
470 3051 595 3107 uerbum.
638 3048 729 3106 Item
752 3065 824 3122 cap.
848 3048 929 3106 VlH:
952 3049 1017 3118 Fili,
1040 3047 1068 3106 in
1092 3050 1306 3108 mansuetudine
1323 3067 1407 3108 serua

281 3133 403 3190 animam
424 3134 510 3192 tuam.
553 3134 688 3192 Paulus
713 3134 754 3192 ad
776 3134 950 3208 ephesios
974 3152 1045 3208 cap.
1069 3133 1139 3192 1111:
1163 3131 1286 3194 Obsecro
1309 3134 1447 3210 itaquess

280 3233 341 3288 nos,
364 3218 475 3290 iratres,
499 3235 552 3292 ego
574 3220 687 3278 uinctus
702 3220 732 3277 in
748 3219 859 3278 domino
882 3237 994 3292 usque
1016 3220 1046 3278 in
1063 3219 1176 3278 uinculo
1190 3220 1279 3296 pacis.
1317 3220 1407 3280 Item

381 3417 398 3468 2
415 3416 492 3470 Pron.
511 3417 552 3484 16,
572 3417 603 3470 19
692 3419 708 3468 4
726 3417 806 3471 Eoeli.
825 3417 849 3480 3,
870 3418 902 3469 17
915 3418 969 3486 (19)
1057 3418 1072 3469 5
1090 3417 1170 3472 Ecoli.
1189 3418 1212 3486 5,
1231 3418 1262 3471 11
1283 3417 1337 3488 (13)

281 3502 393 3557 uleccli.
413 3503 454 3565 10,
472 3503 506 3556 28
522 3503 574 3569 (31)
676 3503 693 3556 9
711 3503 805 3571 Ephes.
824 3503 850 3570 4,
869 3503 936 3557 1-8

331 3681 519 3758 111133Ῑί3918
537 3695 563 3743 et
581 3690 714 3758 intelligas
738 3691 788 3745 VO
890 3690 906 3742 2
929 3690 992 3759 illic]
1011 3691 1038 3743 in
1056 3691 1201 3759 prouerbiis
1225 3693 1262 3746 Μ
1265 3692 1339 3747 VLO

280 3779 470 3830 namensuetus
497 3776 535 3829 M
644 3775 660 3828 8
687 3776 768 3847 diluit
795 3777 818 3831 S
923 3777 1118 3831 contumeliosis
1146 3777 1263 3846 SMVG,
1298 3781 1407 3834 conten·

279 3864 355 3917 tios'rs
381 3862 420 3930 L,
457 3861 574 3930 superbis
601 3879 617 3915 o
743 3863 759 3913 5
786 3877 862 3916 omne
889 3862 951 3915 ML
1077 3863 1141 3932 illic]
1167 3861 1213 3916 ubi
1240 3879 1317 3932 supra
1345 3866 1411 3920 MV

280 3949 331 4004 Lo
437 3947 452 3998 7
478 3947 565 4000 acerba
591 3947 659 4001 Item
676 3978 709 3987 —
726 3948 780 4002 Fili
798 3977 830 3986 -
849 3978 881 3986 -
900 3945 1014 4001 Obsecro
1033 3977 1066 3987 —
1085 3977 1118 3988 -
1135 3948 1207 4016 pacis
1234 3964 1284 4002 ono.
1315 3951 1341 4004 V

280 4036 343 4106 illie]
361 4036 389 4087 in
407 4033 583 4088 ecclesiastico
602 4036 640 4088 Μ
643 4035 716 4089 VLO
817 4033 1045 4088 mansuetudinem
1067 4034 1130 4088 ML
1232 4035 1248 4087 9
1273 4037 1408 4104 apostolus

282 4123 314 4176 S:
343 4122 435 4190 paulus
459 4120 546 4173 MLC
646 4119 740 4175 efeaios
766 4121 799 4188 S,
830 4118 933 4172 edesius
957 4118 1012 4174 LO
1115 4120 1147 4172 10
1169 4121 1337 4175 uocationem
1356 4139 1409 4191 qua

282 4207 315 4270 S,
344 4207 483 4260 uocatione
500 4205 528 4257 in
547 4222 598 4275 qua
615 4207 677 4260 ML
767 4206 798 4259 ll
819 4205 899 4260 animi
916 4221 966 4260 om.
986 4205 1086 4260 MLOo
1173 4207 1257 4260 multa
1275 4208 1409 4275 patientia

282 4291 315 4344 S:
343 4291 563 4359 magnanimitate
586 4293 684 4356 ΜΗ),
714 4293 882 4361 patientiae
987 4292 1019 4344 12
1042 4293 1226 4360 supportantes
1249 4293 1341 4348 MLO

282 4376 393 4429 sollicite
411 4377 437 4429 L
530 4378 563 4430 13
579 4377 609 4430 in
626 4379 702 4432 iacob
720 4380 793 4445 (item
811 4381 870 4444 oue)
893 4378 919 4432 V
1007 4393 1057 4431 om.
1076 4377 1209 4446 apostolus
1227 4377 1342 4432 MVLO
