3159 4967
387 419 434 474 De
453 418 580 473 diuinis
599 420 780 489 seripturis
798 421 870 474 eine
888 421 1069 489 Speculum
1230 424 1292 488 411

161 608 363 693 Qnioumque
398 611 503 675 autem
536 611 682 676 habuerit
715 612 924 677 substantiam
957 611 1077 690 mundi,
1111 612 1144 677 et
1175 610 1293 677 uiderit

163 712 293 779 fratem
316 732 408 778 suum
431 732 534 797 egere,
563 714 595 777 ot
616 713 767 779 clauserit
788 715 914 779 uiseera
935 734 994 781 sua
1009 715 1048 779 ab
1065 733 1112 792 eo,
1134 714 1291 796 quomodo

147 816 282 880 'cautas
306 814 358 880 dei
379 816 487 879 manet
509 816 541 879 in
562 815 640 881 illo?
662 815 763 894 filioli,
788 834 849 881 non
872 815 1041 899 diligamus
1054 818 1152 881 uerbo
1165 816 1290 881 tantum

164 918 196 983 et
210 918 330 1000 lingua,
348 917 404 983 sed
420 936 513 999 opere
530 918 562 981 et
576 918 721 983 ueritate.
760 919 859 983 Item
877 918 1043 984 iaoobus
1062 918 1293 1003 apostolus:

135 1018 323 1086 sSanotitae
355 1020 461 1085 autem
489 1040 568 1103 pura
598 1022 630 1087 et
655 1022 904 1087 incontaminata
924 1023 1004 1088 haee
1027 1022 1076 1087 eet
1098 1023 1175 1104 aput
1197 1021 1293 1087 deum

162 1124 285 1206 patrem
315 1124 446 1189 uisitare
476 1122 600 1189 orfanos
631 1124 664 1188 et
693 1125 807 1189 uiduae
837 1125 870 1189 in
900 1124 1047 1207 angustia
1077 1124 1226 1207 ipsorum,
1259 1124 1292 1189 et

162 1226 391 1292 inmaculatum
424 1246 458 1292 se
488 1244 615 1293 seruare
644 1246 663 1291 e
689 1227 817 1295 mundo.
862 1228 960 1294 Item
989 1227 1096 1291 illie:
1133 1227 1292 1292 Iudioium

148 1330 247 1394 ‘enim
266 1330 334 1395 sine
348 1329 565 1395 misericordia
581 1331 612 1394 ei
626 1330 680 1412 qui
694 1349 755 1395 non
768 1329 846 1396 feeit
859 1328 1126 1395 misericordiam:
1143 1330 1291 1411 quoniam

162 1430 380 1497 misericordia
399 1430 575 1514 praefertur
596 1430 725 1497 iudieio.
771 1433 787 1496 Ι
793 1433 872 1497 tem
893 1431 999 1496 illio:
1024 1430 1107 1512 Quid
1129 1430 1289 1514 prodeest,

123 1534 286 1613 nonanes,
320 1536 348 1599 ei
380 1534 477 1601 fidem
511 1536 580 1617 quis
615 1533 701 1599 dieat
734 1535 766 1599 in
800 1535 903 1599 semet
929 1534 999 1617 ipso
1026 1552 1164 1611 manere,
1195 1552 1292 1615 opera

164 1638 270 1703 autam
300 1656 361 1702 non
382 1638 519 1703 habeat?
548 1636 701 1720 numquid
722 1638 829 1720 potest
853 1636 935 1702 fides
957 1636 1027 1702 sola
1048 1636 1173 1701 saluere
1196 1640 1290 1702 enm?

163 1738 190 1803 si
218 1738 316 1805 irater
347 1741 402 1804 ant
431 1758 518 1804 soror
547 1740 624 1806 nudi
652 1740 779 1819 fuerint,
812 1740 844 1806 et
870 1738 1007 1803 defuerit
1029 1740 1075 1803 eie
1097 1738 1290 1805 cottidianus

163 1841 262 1920 uibus,
292 1840 378 1905 diost
401 1842 508 1907 autom
531 1843 576 1907 eis
599 1842 713 1926 aliquis
735 1844 894 1907 uestrum:
919 1842 964 1908 ite
984 1842 1016 1905 in
1044 1856 1122 1924 paee
1147 1843 1179 1906 et
1200 1842 1289 1907 eale-

162 1944 301 2009 faoimini
335 1944 366 2007 et
399 1944 566 2023 satiemini,
598 1946 631 2010 et
666 1964 728 2011 non
761 1944 816 2010 det
851 1945 897 2009 eis
927 1944 1107 2009 necessaria
1139 1944 1289 2027 eorporis,

124 2066 149 2107 a
163 2046 239 2129 quid
260 2046 410 2130 prodeest
430 2048 508 2112 haee
533 2047 649 2113 dixisse
673 2049 741 2113 eis?
769 2048 814 2113 sie
838 2047 983 2125 otides,
1007 2064 1088 2129 quae
1111 2046 1291 2113 nonhabet

163 2167 268 2231 opere,
297 2149 422 2214 mortus
452 2151 501 2215 est
529 2151 614 2216 eirea
642 2170 687 2217 se.
725 2151 809 2216 sieut
837 2152 920 2216 onim
949 2169 1063 2233 eorpus
1085 2151 1152 2215 eine
1174 2151 1287 2234 spiritu

161 2254 321 2318 mortuum
351 2252 408 2329 est,
439 2252 483 2317 sie
515 2254 547 2319 et
577 2252 657 2319 fides
680 2254 747 2318 sine
771 2254 916 2336 operibus
938 2253 1065 2319 mortua
1089 2253 1145 2317 oet
1190 2254 1290 2318 Item

161 2354 198 2421 in
222 2353 434 2437 euangelio
467 2355 682 2421 seeundum
704 2355 966 2419 matthaeum:
1000 2353 1093 2419 Omni
1114 2354 1234 2435 petenti
1255 2354 1289 2418 te

161 2527 256 2582 antem
286 2524 418 2583 habuerit
450 2523 640 2583 substantiam
671 2521 769 2580 mnndi
795 2538 909 2595 usque
932 2522 981 2581 sed
1003 2539 1085 2597 opero
1107 2525 1135 2581 et
1156 2523 1286 2582 ueritate.
1322 2540 1345 2580 α

42 2634 44 2639 ·
117 2610 315 2669 aolaoobue
338 2626 412 2683 oap.
501 2628 508 2665 ε
539 2607 681 2667 Sanctitas
711 2608 804 2665 antem
833 2623 905 2681 pura
926 2609 955 2666 et
975 2608 1197 2668 incontaminata
1217 2609 1289 2665 haee

161 2696 214 2754 est.
259 2696 352 2753 Item
381 2711 454 2770 oap.
543 2692 709 2752 :Iudioium
732 2692 807 2750 enim
830 2693 889 2750 sine
911 2692 1112 2751 misericordia.
1156 2694 1196 2751 In
1218 2710 1288 2751 rna-

161 2781 336 2854 theooap.
426 2774 677 2859 :issmrripetenti
699 2776 800 2836 tribue.
846 2776 1041 2837 Secundum
1068 2776 1183 2837 lusam
1213 2794 1288 2853 oap.

161 2945 258 3003 mundi
279 2960 392 3018 usqne
415 2943 466 3002 sod
488 2958 569 3016 opere
592 2943 621 2999 et
641 2942 768 3001 uenae.
813 2940 854 3000 In
881 2941 1048 3017 epistula
1069 2942 1190 3001 iaoobi
1211 2959 1287 3015 oap.
1320 2966 1343 3025 μ

161 3028 203 3089 V:
233 3029 344 3103 Religio
366 3026 472 3088 mu'nda
493 3030 522 3085 et
543 3027 714 3086 inmaculata
738 3043 852 3100 usqne
874 3044 905 3085 ee
928 3027 1069 3086 custodire
1091 3029 1128 3087 ab
1150 3028 1203 3086 hoo
1225 3042 1288 3085 sae-

119 3115 233 3174 atoulo.
276 3116 364 3173 Item
385 3115 423 3173 in
444 3113 562 3171 eadem
587 3112 751 3187 epistula
773 3128 845 3186 oap.
869 3112 943 3173 VII:
971 3113 1110 3172 Indicium
1131 3114 1207 3171 enim
1227 3112 1290 3171 sine

161 3200 354 3259 misericordia
385 3215 499 3272 usqne
523 3198 712 3272 superexaltat
747 3200 842 3256 autem
870 3198 1062 3257 miserioordia
1090 3199 1203 3257 iuditio.
1247 3197 1290 3256 In

161 3287 301 3344 matheo
324 3301 397 3358 oap.
415 3285 494 3343 1111:
517 3284 573 3355 Qui
587 3284 659 3357 petit
674 3302 691 3341 a
705 3285 742 3353 te,
759 3282 797 3340 da
811 3283 836 3342 ei
859 3300 973 3357 usque
994 3300 1030 3343 ne
1045 3286 1193 3343 ereneus.
1234 3284 1289 3341 Se-

267 3447 398 3503 lIIoh.
422 3448 448 3513 3,
473 3446 602 3503 rueras
704 3446 799 3502 5120.
827 3448 851 3513 1,
879 3447 912 3500 27
1016 3449 1031 3502 V
1058 3448 1223 3517 Ina-213

161 3532 234 3588 aih.
253 3534 354 3587 14-17
459 3534 491 3587 18
508 3532 605 3587 Maon.
623 3533 648 3597 5,
667 3532 701 3586 42

215 3690 229 3741 1
249 3687 400 3743 substantia
417 3689 455 3743 M
458 3686 520 3743 1⁷¹1:
617 3687 746 3757 Vaegere
765 3688 799 3754 S,
826 3704 876 3742 om.
896 3686 923 3741 L
1025 3687 1115 3757 tillo]
1133 3704 1164 3742 eo
1187 3691 1225 3744 Co

162 3772 289 3827 laerta
310 3771 423 3827 ltem-
436 3772 615 3827 Sanotitss—
629 3788 690 3826 -a
707 3772 804 3827 mundo
829 3789 879 3828 om.
902 3772 929 3825 V
1028 3774 1045 3827 6
1068 3773 1173 3827 orfanos
1195 3772 1292 3828 unffi

162 3858 276 3929 pupillos
301 3858 343 3913 Co
447 3857 462 3910 7
485 3859 550 3912 item
573 3874 625 3913 om.
645 3858 673 3913 V
772 3858 837 3927 illie]
860 3859 968 3912 iacobus
992 3858 1119 3927 mne,
1146 3858 1212 3913 add.
1232 3860 1291 3927 apis

164 3945 187 4000 Ο
287 3944 405 3999 eain:
436 3943 555 4007 stlido,
584 3943 626 3997 his
645 3944 677 4007 S,
706 3960 756 3997 orn.
776 3943 803 3996 V
901 3942 965 3997 feeit
987 3941 1166 3997 misericordia
1188 3944 1227 3997 M

161 4030 321 4100 aptarentur
333 4030 396 4085 Mn
491 4030 579 4084 uerba
592 4028 660 4085 Item
670 4028 826 4095 -Quid-
836 4059 869 4068 -
878 4031 982 4083 mortua
993 4031 1035 4083 est
1047 4045 1098 4086 ora
1111 4029 1226 4085 MVLO

162 4123 271 4220 prouisa
288 4150 352 4219 S(a
369 4166 391 4205 ε.
409 4150 427 4204 l.
445 4148 512 4203 add.
530 4166 565 4203 m.
582 4152 610 4219 1)
707 4149 736 4202 ll
757 4147 811 4202 fide
829 4149 886 4204 sola
904 4148 927 4203 S
1020 4149 1052 4200 l‘l
1075 4148 1163 4203 mbo
1179 4148 1246 4203 ltsm
1259 4175 1292 4190 ·-

163 4252 242 4307 Omni
255 4282 288 4292 --
302 4255 465 4307 -auertere
483 4268 534 4307 om.
557 4252 583 4305 V
683 4251 715 4306 18
736 4240 787 4321 eui
804 4238 848 4305 nee
865 4251 942 4305 matii
959 4251 982 4306 S
1081 4252 1184 4319 potami
1200 4254 1229 4305 te
1245 4252 1293 4305 tri-

163 4338 229 4393 buet
247 4342 275 4393 et
296 4338 376 4393 *abeo
395 4342 472 4406 (reso
491 4338 517 4405 la)
537 4338 560 4393 S
