3159 4967
241 422 305 489 536
468 423 513 477 De
533 420 660 475 diuinis
678 422 857 490 sculpturis
875 422 946 474 siue
965 420 1141 489 Speculum

243 612 397 677 dracones
432 612 464 675 et
497 628 605 675 omnes
640 610 760 694 abyssi:
798 611 890 693 ignis,
925 609 1056 693 grando,
1092 610 1153 687 nir,
1187 610 1308 694 glacies
1341 612 1377 673 ct

240 716 370 798 spiritus
402 715 611 796 tempestatis,
648 734 728 796 quae
762 714 882 779 faciunt
915 715 1046 778 uerbum
1082 714 1158 803 eius.
1205 715 1305 780 Item
1334 713 1375 779 in

240 819 449 883 hieremia:
480 818 642 894 Dominus,
673 818 726 899 qui
754 816 832 883 iecit
859 818 976 881 terram
998 818 1030 881 in
1053 816 1172 883 uirtute
1196 837 1263 895 sua,
1288 818 1320 881 et
1341 818 1374 882 in

240 940 299 986 sua
332 922 499 1004 prudentia
533 920 674 985 extendit
706 921 832 986 eaelum
866 920 898 984 et
930 920 1166 986 multitudinem
1206 940 1307 1004 aquae
1342 922 1375 985 in

240 1024 340 1103 caelo,
365 1026 398 1089 ot
420 1026 528 1090 eduxit
549 1027 649 1090 nubes
672 1026 711 1089 ab
734 1025 874 1091 ormcmo
896 1025 1011 1101 torreo,
1036 1024 1068 1089 ot
1091 1025 1216 1109 hulgora
1231 1026 1264 1089 ot
1278 1043 1375 1091 corn-
1404 1047 1420 1087 ⁵

241 1127 398 1193 ocutiones
430 1130 462 1192 in
493 1129 634 1211 plnniam
663 1127 749 1205 feeit,
787 1128 821 1192 et
849 1128 959 1193 eduxit
985 1128 1093 1193 lumen
1123 1128 1163 1192 do
1194 1128 1376 1193 thensauris

240 1230 316 1295 suis.
352 1231 385 1294 ot
413 1232 542 1296 euanuit
568 1233 668 1297 omnIs
691 1233 784 1298 homo
809 1232 848 1297 ab
872 1232 1006 1298 scientie
1029 1250 1095 1297 sue.
1141 1234 1237 1297 Item
1268 1232 1376 1297 illio:

239 1332 400 1415 Numquid
424 1336 474 1399 ost
493 1334 526 1399 in
548 1335 642 1401 idolis
665 1336 806 1418 gentium
830 1336 884 1418 qui
906 1336 1018 1418 pluet?
1041 1335 1073 1399 et
1095 1336 1121 1400 si
1138 1336 1261 1401 caelum
1285 1334 1377 1399 dabit

241 1436 420 1501 satietatem
459 1456 559 1515 suam,
581 1432 698 1503 ‘nonne
732 1438 767 1503 tn
803 1456 836 1503 cs
872 1440 964 1522 ipso?
1002 1438 1034 1503 ct
1071 1440 1297 1504 sustinebimus
1330 1440 1375 1516 te,

242 1539 377 1618 domiuo,
401 1542 548 1624 quoniam
570 1542 607 1607 tu
629 1542 733 1631 fecisti
754 1544 965 1608 haecomnia.
1005 1544 1103 1609 Item
1125 1543 1162 1607 in
1184 1541 1375 1610 leuitico:
1393 1562 1420 1603 so

240 1644 282 1707 Et
304 1643 485 1709 obtuleruut
514 1646 545 1709 in
576 1647 748 1728 conspectu
778 1646 898 1711 domIni
923 1646 1030 1729 iguem
1055 1644 1191 1709 alienum
1215 1645 1318 1710 nadab
1342 1646 1378 1708 ct

242 1745 338 1811 abiud
359 1744 406 1810 fili
429 1764 513 1824 aron,
539 1748 623 1831 quod
646 1768 706 1814 non
728 1750 891 1832 praecepit
914 1749 960 1814 sis
976 1747 1130 1813 domiuus.
1167 1748 1200 1812 ot
1221 1748 1378 1830 processit

240 1850 322 1931 ignis
346 1868 365 1912 a
387 1849 512 1915 domino
547 1851 580 1914 ot
612 1852 809 1934 consumpsit
842 1870 906 1929 eos,
942 1852 973 1916 ot
1002 1852 1118 1917 mortni
1141 1852 1215 1915 sunt
1241 1852 1273 1915 in
1295 1868 1380 1915 con--

242 1954 351 2034 speetu
376 1954 503 2020 domini.
543 1952 643 2018 Item
664 1954 701 2018 in
724 1956 804 2020 iob:
830 1954 913 2037 Quia
929 1956 1004 2037 aput
1020 1952 1181 2019 dominum
1196 1954 1376 2037 prudentie,

243 2056 377 2122 altitudo
401 2057 603 2139 cogitationis
627 2059 675 2123 est
698 2061 730 2124 et
752 2058 944 2125 intellectus.
976 2060 1008 2123 et
1031 2057 1153 2123 sidens
1173 2058 1375 2129 destruxerit,
1392 2086 1418 2125 ns

241 2269 284 2327 Iu
305 2268 483 2327 hieremia
505 2288 576 2345 cap.
666 2289 672 2326 z
696 2270 844 2340 Dominus,
865 2268 912 2345 qui
935 2270 1003 2329 lecit
1017 2272 1120 2329 terrem
1143 2270 1172 2329 in
1195 2270 1300 2329 uirtute
1323 2286 1378 2327 sua

242 2357 271 2413 ct
303 2354 333 2413 in
369 2373 422 2413 sua
454 2356 613 2429 prudentie.
657 2356 746 2415 Item
769 2373 843 2431 cap.
934 2375 940 2413 :
974 2356 1119 2430 Numquid
1152 2358 1197 2414 ost
1228 2355 1258 2413 in
1291 2354 1376 2413 idolis

242 2441 369 2514 gentium
403 2441 451 2517 qui
484 2441 572 2516 pluat.
616 2442 656 2500 In
687 2442 844 2502 leuItico
868 2459 940 2517 cap.
1042 2462 1048 2499 :
1082 2442 1120 2501 Et
1152 2441 1314 2501 obtulerunt
1347 2440 1376 2498 in

241 2529 393 2602 conspectu
424 2526 529 2587 domini
559 2528 663 2602 ignom.
708 2529 746 2587 In
777 2528 1055 2601 inhospitum:
1089 2527 1172 2601 Apud
1205 2530 1299 2602 ipsum
1332 2528 1377 2585 ost

244 2612 386 2687 sapientia
408 2616 436 2672 ot
459 2614 601 2672 fortitudo.
1391 2643 1417 2683 ω

187 2822 214 2880 μ
244 2802 315 2860 eins.
360 2804 399 2861 In
420 2800 594 2861 hieremia
616 2818 690 2876 cap.
796 2820 802 2857 :
837 2802 892 2873 Qui
923 2801 992 2859 facil
1022 2802 1124 2861 terram
1154 2800 1184 2859 ln
1211 2800 1375 2859 fortitudine

245 2904 431 2962 sucusque
453 2887 559 2947 stultus
583 2887 675 2957 lactus
699 2888 744 2945 ost
765 2887 857 2945 omnis
880 2889 962 2945 homo
985 2888 1020 2944 ab
1045 2886 1174 2945 scicntia.
1218 2887 1311 2944 Item
1341 2887 1375 2944 in

243 2972 416 3032 hloromie
439 2991 511 3048 cap.
601 2992 608 3029 ε
638 2970 782 3046 Numquid
813 2976 880 3031 suut
909 2973 938 3030 in
970 2972 1149 3047 sculptilibus
1175 2972 1304 3047 gentium
1327 2972 1377 3045 qui

243 3059 343 3131 pluant
365 3076 479 3133 usquo
501 3061 533 3117 tu
555 3058 631 3117 onim
653 3058 747 3117 fecisti
770 3057 865 3117 omnia
885 3060 964 3117 haec.
1001 3058 1040 3116 In
1063 3057 1216 3117 lonItioo
1240 3075 1312 3131 cap.
1336 3058 1376 3117 V:

245 3142 400 3203 Offeroutos
430 3161 524 3203 coram
554 3144 666 3202 domIno
696 3145 792 3217 ignem
823 3142 944 3203 alienum
972 3160 1084 3217 usquo
1108 3144 1256 3202 decorauit
1278 3160 1326 3201 eos
1348 3144 1420 3203 etse

242 3228 345 3287 mortui
368 3232 436 3288 sunt
457 3246 550 3289 coram
573 3230 694 3288 domino.
737 3229 776 3287 In
800 3230 858 3288 iob
882 3246 955 3303 cap.
979 3228 1076 3287 XIIII:
1106 3229 1190 3303 Apud
1215 3229 1310 3302 ipsum
1332 3230 1378 3287 est

243 3314 385 3388 sapientie
406 3319 435 3375 ot
457 3316 591 3375 fortitudo
613 3332 727 3388 usque
750 3315 825 3389 apud
848 3316 941 3389 ipsum
957 3317 1002 3374 ost
1024 3314 1158 3398 fortitudo
1174 3318 1202 3373 st
1225 3314 1375 3389 sapientia.

345 3495 494 3550 8Hiorom.
513 3496 554 3565 51,
569 3497 670 3549 15-17
757 3496 774 3549 8
792 3494 906 3551 Hieroni
927 3496 968 3559 14,
981 3494 1014 3549 22
1104 3494 1136 3549 11
1155 3494 1218 3550 Len.
1237 3496 1304 3566 ro,1

242 3586 276 3640 14
293 3584 348 3641 lob.
368 3584 409 3655 12,
429 3583 530 3639 12-16

294 3756 406 3828 lahysi
423 3758 458 3811 M
560 3749 707 3825 gladiosS
802 3758 830 3811 et
847 3772 897 3811 om.
917 3756 1018 3811 MLOo
1121 3756 1325 3826 tempestatis
1344 3756 1378 3812 S:

243 3845 414 3914 procellarum
432 3844 536 3900 MLOo
636 3841 792 3898 edunto
885 3844 973 3897 torres
991 3842 1053 3913 (ooo.
1073 3840 1111 3913 et)
1130 3842 1230 3897 MLOo
1327 3842 1378 3897 lul·

242 3926 308 4001 gum
326 3930 364 3986 Co
450 3929 661 3985 choruscationes
679 3928 744 3985 Me
835 3930 851 3983 l
870 3945 887 3983 a
904 3930 1017 3984 scientia
1034 3932 1093 3994 (sua
1111 3932 1172 3995 om.)
1190 3928 1228 3985 Cc
1314 3922 1378 3997 illic]

242 4015 289 4071 ubi
311 4032 390 4086 snpra
412 4016 502 4071 HLO
603 4014 620 4068 8
643 4015 718 4084 ploat
740 4016 765 4071 S
871 4014 903 4067 10
927 4015 1050 4084 qnoniam
1074 4014 1108 4069 S:
1139 4015 1200 4083 quia
1223 4012 1313 4069 MLO

242 4102 368 4175 louuiticp
399 4102 422 4157 S
522 4100 554 4153 ll
582 4101 734 4170 optulerunt
765 4102 788 4155 L
891 4101 979 4154 uerba
1005 4098 1094 4154 nadab
1114 4116 1135 4153 e.
1154 4116 1177 4154 a.
1196 4098 1214 4155 1.
1240 4114 1304 4153 aron
1326 4098 1377 4153 oin.

243 4188 328 4243 MLO
418 4186 451 4245 13
470 4204 486 4242 a
504 4186 554 4242 deo
572 4186 663 4241 Meo
753 4186 786 4240 14
804 4186 831 4241 in
849 4184 894 4240 iob
913 4186 1038 4240 MVLO:
1065 4184 1161 4241 illicS
1244 4184 1378 4239 domiuum

243 4290 294 4328 om.
312 4274 436 4343 MVLO,
466 4290 487 4329 s.
506 4273 555 4328 lios.
574 4272 619 4327 dm
638 4274 706 4328 odd.
724 4290 758 4328 m.
777 4276 798 4327 2
820 4274 846 4327 V
944 4270 1111 4341 prudentiam
1129 4270 1181 4327 LO
1284 4270 1316 4325 15
1337 4260 1403 4325 est‘

242 4358 429 4429 omJMVLO
531 4358 726 4413 distruucritS
