3159 4967
1203 487 1303 534 XXXV

174 654 254 719 alter
278 650 453 717 atramento
468 650 570 735 magis
588 650 677 717 fusco
692 652 912 735 gracilioribus
928 655 960 718 et
974 654 1172 721 nitidioribus
1185 654 1302 723 litteris

175 776 194 821 a
216 755 268 822 fol.
293 755 348 819 34v
370 772 470 836 usque
495 753 535 818 ad
556 753 609 819 fol.
635 754 710 820 112v
733 756 765 818 et
787 774 807 819 a
827 755 879 820 fol.
897 756 971 821 129¹
993 755 1149 821 adfinem
1172 756 1302 823 uicenas

173 876 313 924 nouenos
335 857 367 921 in
391 855 523 939 singulis
544 856 667 939 paginis
689 856 789 922 lineas
806 859 956 922 exararet
988 858 1051 923 iem
1068 860 1151 941 quod
1168 860 1209 925 ad
1228 860 1302 927 libri

172 960 303 1026 titulum
327 958 449 1035 attinet,
472 958 574 1040 prima
594 978 706 1024 manus
729 959 760 1024 in
781 960 900 1025 codicis
922 960 1010 1026 initio
1032 960 1110 1027 nihil
1134 962 1219 1027 aliud
1242 966 1302 1029 nisi

173 1066 253 1129 haec
277 1062 403 1147 scripsit
417 1061 469 1126 iol.
488 1064 520 1127 1'
539 1061 654 1128 litteris
668 1063 846 1129 uncialibus
861 1065 955 1130 rubro
971 1063 1092 1132 colore:
1115 1065 1160 1130 Iu
1174 1068 1302 1131 uomiue

171 1172 231 1253 ciiii
252 1169 294 1250 ui
311 1170 371 1249 suoi
389 1170 454 1267 cpi
470 1167 545 1265 imp
567 1184 644 1249 ordo
672 1184 890 1265 capitulorum
916 1187 954 1250 de
981 1186 1106 1251 diuinis
1131 1187 1303 1269 scripturis

171 1298 196 1387 i
220 1322 400 1391 CXLIIII
412 1322 462 1385 sit.
494 1321 614 1385 saeculi
634 1322 739 1385 autem
754 1321 914 1386 undecimi
930 1322 1085 1405 scriptura
1098 1324 1164 1389 tres
1178 1342 1301 1398 manus,

173 1446 253 1510 quas
289 1426 404 1490 litteris
439 1444 465 1501 e,
500 1425 531 1501 b,
565 1442 582 1488 c
616 1423 856 1508 distinguendas
889 1416 1041 1508 significo,
1080 1426 1159 1492 alios
1191 1426 1302 1491 titulos

173 1528 366 1595 adiecerunt.
402 1546 534 1609 quarum
556 1528 659 1610 prime
683 1530 729 1611 (a)
753 1527 807 1593 iol.
833 1530 862 1592 1¹
883 1528 961 1593 haec
984 1529 1126 1610 scripsit:

465 1648 504 1713 de
524 1650 680 1713 testimon.
703 1635 909 1731 scripturam]
930 1634 1004 1733 cup.

579 1755 691 1815 coutrc
713 1750 894 1816 donatistas

173 1873 282 1938 statim
307 1871 407 1937 altera
429 1870 549 1935 saeculi
571 1869 730 1935 undecimi
751 1889 863 1935 manus
888 1873 935 1955 (b)
960 1871 1065 1937 addit:

597 1992 672 2055 libri
694 1992 731 2056 de
752 1992 877 2073 speculo

173 2111 269 2195 paulo
291 2111 372 2175 inira
393 2110 489 2175 tertia
511 2130 622 2175 manus
647 2112 691 2195 (e)
715 2112 882 2195 graciliore
905 2112 1062 2195 scriptura
1084 2110 1215 2177 adiecit:

260 2232 358 2297 Beati
379 2232 546 2315 cupietiui
568 2232 605 2296 de
626 2234 814 2299 testimoniis
836 2234 1070 2315 scripturarum

260 2374 371 2434 coutrc
392 2370 572 2435 donatistas
594 2371 624 2433 ct
646 2370 732 2435 idcio
750 2334 813 2435 'iii'
828 2370 906 2436 iiber
928 2390 992 2437 csse
1012 2372 1198 2437 dmoscitur.

260 2544 352 2608 ceteri
374 2546 438 2607 tres
460 2590 467 2603 .
493 2589 500 2602 .
525 2588 531 2602 .

175 2663 237 2728 alia
258 2680 371 2728 manus
394 2662 434 2727 ab
455 2660 505 2726 hie
527 2660 628 2727 tribus
652 2660 778 2726 diuersa
799 2659 852 2725 iol.
872 2665 903 2725 l'
924 2661 956 2725 in
977 2662 1120 2744 margine
1143 2662 1302 2743 superiore

175 2782 354 2847 adnotauit:
377 2781 428 2846 bic
457 2786 501 2846 oct
531 2780 610 2845 tiber
623 2784 753 2867 [illisis]
773 2804 804 2864 q.
826 2779 879 2846 fol.
903 2782 934 2847 6²
960 2779 1051 2845 linita
1078 2780 1302 2863 capitulatione

176 2886 217 2950 ad
250 2886 372 2949 textum
403 2884 477 2949 iude
510 2883 738 2967 seiungendum
767 2902 881 2949 manus
907 2884 1009 2966 prima
1033 2882 1181 2948 lineolam
1211 2902 1302 2949 eror-

174 2989 282 3053 natam
316 2986 456 3070 depinxit
478 2988 511 3051 et
534 2988 681 3069 deinceps
714 2989 745 3051 in
779 2988 865 3053 linea
896 2987 1038 3069 sequenti
1068 2987 1303 3071 inscriptionem

173 3091 266 3174 primi
289 3090 403 3173 capitis
430 3090 536 3173 posuit
564 3108 644 3171 quae
668 3090 716 3154 cst
738 3090 761 3154 1
779 3091 818 3155 de
838 3110 903 3154 uuo
926 3090 989 3154 dcc.
1023 3088 1087 3152 iam
1112 3107 1186 3153 uero
1209 3107 1304 3171 supra

173 3192 324 3258 lineolam
348 3191 516 3256 artificiose
540 3191 657 3274 pictam
679 3210 792 3257 manus
820 3191 940 3257 saeculi
960 3190 1119 3256 undecimi
1141 3191 1238 3257 tertia
1259 3195 1302 3275 (c)

174 3298 253 3362 haec
279 3295 420 3378 scripsit:
941 3295 950 3312 ·

173 3417 239 3481 Istc
266 3422 310 3481 est
340 3416 418 3481 tiber
444 3434 529 3481 uuus
552 3415 633 3479 beuti
646 3416 796 3499 Ambusti
818 3420 930 3480 contra
951 3415 1131 3481 donatistas
1152 3416 1182 3481 <i
1204 3416 1303 3494 mota,

173 3536 254 3601 infra
286 3537 367 3600 hanc
400 3534 548 3600 lineolam
583 3534 615 3599 et
648 3554 744 3617 supra
777 3535 890 3618 capitis
919 3535 1011 3617 primi
1038 3534 1166 3600 titulum
1190 3535 1303 3601 eadem

173 3656 287 3704 manus
311 3657 327 3703 c
349 3637 551 3719 interposuit:
586 3638 623 3703 de
656 3640 844 3704 testimoniis
877 3640 1122 3721 scripturarum.
1156 3637 1209 3704 fol.
1228 3638 1304 3703 154*

173 3743 253 3808 liber
276 3742 357 3807 hunc
379 3742 412 3805 iu
434 3740 563 3805 modum
586 3740 709 3806 finitur:

173 3862 228 3928 lin.
273 3862 293 3926 6
322 3912 330 3928 .
354 3912 362 3928 .
380 3862 557 3927 uidebimus
580 3844 671 3927 lumi.

272 3966 291 4135 i
314 4068 442 4151 explicit
464 4068 716 4132 testimoniorum

251 4172 291 4338 1ii
313 4274 428 4355 iucipit
450 4272 493 4337 aci
516 4273 688 4354 Quirinum

175 4392 379 4459 interlineas
404 4392 510 4456 eutem
532 4392 552 4457 8
576 4392 609 4456 et
629 4393 650 4455 9
672 4410 784 4458 manus
806 4392 900 4457 illac
926 4392 1063 4458 addidit:

1166 4514 1203 4567 c*
