3159 4967
413 470 462 526 lla
479 470 608 526 diuinis
624 472 896 541 seripturis‘siue
914 471 1093 542 Speoulum.
1248 473 1320 543 443

190 660 358 726 nobiseum
386 661 445 741 est,
475 660 626 744 quamdiu
647 680 712 728 uos
739 660 816 728 estis
838 679 910 730 eum
933 680 988 728 eo:
1021 660 1105 744 quod
1137 660 1165 728 si
1196 659 1315 728 dereli-

193 763 324 846 quoditie
357 782 440 842 eum,
473 763 672 848 derelinquet
702 782 770 831 uos.
815 765 915 830 Item
945 765 983 830 iu
1010 764 1158 847 psalmo
1179 764 1297 830 LXXX

132 870 135 878 '
191 864 233 930 Et
245 884 316 931 uon
337 865 503 932 ohaudiuit
521 867 656 951 populus
670 886 783 933 uooem
797 885 912 947 meam,
936 869 969 933 et
989 867 1105 934 israhel
1126 885 1187 934 uon
1208 867 1314 932 inten-

191 968 239 1034 dit
260 968 355 1034 mihis
384 970 417 1035 et
447 969 552 1035 dimisi
578 969 652 1036 illos
674 969 849 1036 seeundum
872 968 1030 1036 desideria
1050 970 1155 1038 eordis
1176 971 1315 1038 illorum.

163 1072 219 1137 esi
240 1071 330 1154 plebs
359 1091 430 1139 mea
460 1072 602 1139 audisset
622 1092 684 1151 me,
713 1073 832 1140 israhel
858 1073 885 1141 si
906 1073 977 1142 uias
998 1090 1087 1142 meos
1110 1073 1311 1152 ambulasset

191 1173 233 1238 ad
254 1174 386 1242 nihilum
407 1175 551 1255 inimicos
567 1177 634 1242 eius
654 1176 872 1243 humiliassem
895 1178 927 1243 et
946 1195 1038 1262 super
1054 1177 1240 1243 tribulentes
1259 1195 1315 1242 eos

189 1277 348 1344 misissem
368 1297 496 1344 manum
518 1299 631 1346 meam.
668 1280 768 1345 Item
795 1281 833 1345 iu
857 1279 1059 1364 sapientia
1080 1280 1313 1346 solomonis:

190 1380 365 1447 Peruersae
393 1382 475 1448 enim
502 1382 709 1466 cogitationes
737 1383 885 1466 separant
907 1403 927 1449 u
947 1384 1017 1464 deo,
1046 1383 1179 1467 probata
1206 1383 1312 1448 antem

190 1483 292 1550 uirtus
325 1484 430 1568 arguit
462 1485 659 1568 insipientes:
694 1487 841 1568 quoniam
873 1486 904 1552 in
938 1487 1091 1554 maliuola
1119 1487 1224 1554 anima
1251 1503 1311 1552 non

148 1611 177 1650 ro
189 1587 320 1654 intrabit
349 1588 513 1672 sepientis,
541 1607 600 1654 nee
629 1589 787 1656 habitabit
806 1590 838 1656 in
861 1607 990 1673 corpore
1013 1589 1139 1656 subdito
1161 1587 1311 1671 pensatis.

189 1690 318 1756 sanetus
351 1691 433 1757 euim
467 1691 596 1775 spiritus
629 1691 813 1775 diseiplinee
837 1692 964 1777 effugiet
987 1693 1103 1772 dolum,
1136 1691 1170 1757 et
1192 1689 1313 1756 auferet

190 1811 224 1857 se
246 1811 267 1858 a
288 1793 531 1876 cogitationibus
559 1813 640 1878 quae
669 1798 743 1862 sunt
770 1797 838 1862 sine
859 1796 1034 1875 intellectu,
1067 1795 1099 1862 et
1122 1793 1270 1878 arguetur
1293 1811 1312 1858 a

189 1897 429 1979 eupemeniente
449 1897 627 1981 iniquitate
671 1899 771 1964 Item
793 1900 831 1964 iu
854 1898 1198 1982 essiaprophetoz
1233 1895 1311 1977 Quia

189 1998 279 2064 dedit
299 1999 331 2064 in
353 2001 495 2084 rapinam
516 2001 608 2069 iaeob
625 2003 657 2067 et
676 2001 795 2070 isrehel
816 2002 1079 2086 depraedantibus
1095 2005 1188 2068 eum?
1209 2003 1314 2068 nonne¹

147 2209 173 2246 ra
187 2193 334 2253 nobiseum
354 2193 400 2252 est
421 2194 555 2269 quamdiu
576 2211 628 2254 uos
651 2195 722 2254 estis
744 2211 807 2254 eum
829 2195 886 2255 illo.
924 2198 963 2256 In
984 2194 1120 2270 psalmo
1135 2195 1250 2254 LXXX:
1272 2194 1311 2252 Et
1341 2205 1364 2247 α

185 2294 243 2339 uon
271 2278 418 2339 ohaudiuit
445 2281 566 2356 populus
595 2296 692 2341 uoeem
718 2298 809 2341 meam
834 2283 863 2339 et
883 2280 988 2341 israhel
1009 2296 1065 2340 non
1087 2280 1212 2339 intendit-
1229 2279 1308 2337 mihi.

185 2361 227 2424 In
247 2363 350 2424 libro
373 2364 584 2439 sapientiae
607 2382 680 2442 eap.
702 2365 734 2426 I:
761 2367 898 2426 Peruerse
920 2365 993 2426 enim
1017 2364 1203 2439 cogitationes
1227 2381 1308 2440 sepe-

186 2451 251 2510 rant
272 2467 290 2510 a
312 2449 363 2510 deo
395 2467 507 2525 usque
540 2453 570 2510 et
601 2453 736 2526 arguetur
769 2469 786 2510 a
820 2451 1033 2526 superueniente
1066 2449 1225 2526 iniquitate.
1269 2449 1309 2509 In

187 2536 288 2596 esaia
309 2553 381 2611 eap.
470 2554 477 2593 ε
511 2535 582 2609 Quis
612 2536 690 2597 dedit
709 2536 740 2596 iu
761 2537 889 2614 rapinem
911 2537 991 2596 iacob
1013 2551 1125 2612 usque
1147 2551 1236 2610 neque
1259 2551 1307 2611 po-

145 2740 173 2778 ao
186 2723 255 2782 deus
277 2725 372 2783 uester
393 2724 540 2784 nobiseum
562 2727 606 2784 est
627 2742 737 2801 usque
760 2725 786 2785 si
801 2724 1026 2800 derelinqueritis
1040 2742 1112 2796 eum,
1137 2723 1309 2800 derelinquet
1337 2741 1363 2800 μ

185 2825 246 2868 uos.
291 2807 383 2868 Item
411 2809 447 2869 in
476 2809 615 2886 psalmo
635 2811 751 2872 LXXX:
780 2811 819 2870 Et
840 2827 896 2871 uon
919 2811 1065 2870 obaudiuit
1085 2809 1206 2888 populus
1228 2825 1307 2870 meus

185 2911 283 2955 uooem
302 2911 393 2953 meam
415 2896 444 2953 et
464 2895 569 2955 israhel
590 2913 647 2957 nou
668 2896 790 2956 intendit
810 2895 889 2955 mihi.
923 2895 962 2956 Iu
982 2896 1077 2956 libro
1101 2896 1307 2972 supientiae

184 2995 257 3056 eap.
279 2977 312 3038 I:
333 2980 487 3040 Peruersae
510 2982 584 3042 euim
606 2981 793 3055 cogitationes
816 2984 949 3058 separent
970 2983 1053 3041 adeo
1076 2997 1187 3057 usque
1211 2983 1239 3041 et
1261 2999 1304 3040 ar·

184 3065 288 3140 guetur
320 3081 338 3124 a
369 3065 584 3142 superueniente
616 3067 777 3143 iniquitate.
821 3067 862 3126 In
896 3067 999 3127 eseia
1031 3085 1105 3142 cap.
1194 3086 1201 3124 τ
1235 3061 1306 3138 Quis

146 3167 168 3205 a
184 3148 263 3210 dedit
290 3150 321 3209 in
351 3149 533 3227 direptionem
564 3152 643 3211 iaoob
675 3155 703 3212 et
730 3152 836 3212 israhel
857 3153 1038 3212 uastantibus
1061 3170 1123 3213 eum
1145 3169 1256 3226 usque
1280 3154 1310 3212 et

285 3329 363 3386 ers.
380 3329 422 3401 eo,
442 3329 543 3386 12-15
628 3333 724 3403 esap.
742 3335 765 3402 1,
783 3331 852 3387 e-5
939 3332 971 3388 re
988 3333 1032 3389 us.
1051 3335 1093 3398 41,
1112 3333 1146 3387 ae
1164 3333 1192 3388 a
1204 3335 1238 3388 25

235 3499 477 3572 lderelinqueritis
495 3501 568 3558 ΜΨ
671 3501 809 3558 daudiuit
830 3503 868 3560 (le
965 3502 1075 3558 istrahel
1095 3507 1115 3572 (t
1132 3505 1242 3568 raeiri

181 3588 200 3642 4
226 3587 318 3642 demisi
345 3587 368 3643 S
467 3587 535 3658 illos]
563 3604 607 3641 eoa
638 3587 673 3644 (lo
776 3589 887 3658 illorum]
912 3605 1000 3644 eorum
1021 3589 1087 3646 noo
1190 3591 1206 3643 5
1228 3590 1308 3660 plebe

183 3673 221 3727 M
314 3672 424 3726 istrahel
442 3673 466 3728 S
564 3673 621 3726 uias
638 3689 711 3728 meae
731 3673 763 3728 S:
793 3675 821 3726 in
838 3674 888 3728 uiis
906 3674 971 3728 meis
990 3675 1027 3728 M
1030 3673 1121 3730 VLOo
1223 3673 1305 3730 tini-

181 3792 306 3847 miemS
405 3792 461 3846 elue
476 3792 641 3849 immisso
741 3757 930 3850 tmiisemS
1028 3795 1057 3847 in
1074 3794 1141 3850 libro
1159 3794 1307 3863 sapientise

181 3877 298 3933 mo
321 3879 383 3944 (osu
410 3877 562 3948 solomonis)
669 3878 856 3947 terguetS
954 3881 1080 3935 maliuola
1105 3879 1239 3937 SMVLG

182 3963 215 4018 10
232 3961 357 4021 hetroihit
372 3962 447 4030 LOe,
476 3962 609 4032 inueltult
626 3964 668 4031 M,
695 3963 849 4020 intrauitS
942 3964 1077 4020 habitabit
1098 3965 1202 4022 VLGo:
1231 3965 1306 4020 hebi-

181 4048 329 4104 anissis
416 4047 714 4118 lldeidiau'plineV
796 4047 968 4117 esmgietS
1049 4049 1138 4106 dolum
1155 4050 1189 4106 S:
1215 4050 1307 4104 fiotum

180 4132 313 4190 uruca
398 4132 508 4203 unieret}
526 4132 696 4202 ud‘ugietO
779 4132 813 4188 13
831 4151 849 4188 o
866 4147 933 4190 uoce
949 4134 1090 4202 iniquitate
1100 4136 1202 4203 iae-ipit
1214 4135 1306 4190 altera

176 4230 250 4287 pore
267 4217 421 4288 tesamenti
433 4218 524 4287 primi
540 4218 646 4273 codicis
662 4218 694 4274 F
708 4219 738 4285 (i.
751 4234 774 4272 e.
792 4216 839 4283 sol.
853 4221 878 4285 6,
893 4221 947 4286 ⁷‚8
964 4218 1023 4274 eod.
1042 4217 1184 4280 Lehri165
1203 4218 1306 4272 desunt

179 4303 375 4372 munionis
392 4303 465 4370 folio
481 4308 500 4358 4
516 4308 544 4357 et
561 4305 589 4370 5)
693 4317 743 4358 eae.
765 4301 895 4371 propheta
916 4303 1059 4360 FMVLO
1161 4303 1193 4357 14
1215 4302 1305 4373 depre-

180 4387 306 4443 deutibua
324 4387 372 4443 SL
1250 4409 1256 4416 ·
