3159 4967
606 455 627 536 ἰ
657 442 839 526 Speculu’un
1250 454 1314 522 ‘345

183 652 285 718 seruis
314 649 484 734 praestate,
514 641 653 714 s'oieutes
680 641 829 732 quoniam
859 649 892 712 et
921 665 979 713 uos
1007 647 1168 713 dominum
1190 647 1315 713 habetis
1379 674 1381 677 ·

183 756 216 820 iu
245 753 345 820 eaelo.
383 752 516 818 orationi
544 749 671 831 instate,
693 752 865 835 uigilantes
896 751 929 816 iu
957 769 996 816 ea
1027 769 1102 816 cum
1138 747 1314 834 nouarum

185 856 323 922 actone:
352 857 477 921 orantes
506 853 601 920 simul
630 856 663 920 et
689 843 744 936 pro
767 853 867 933 uobis,
901 855 938 918 ut
968 853 1046 918 deus
1061 855 1209 936 aperiat·
1225 853 1314 920 nobis
1363 861 1373 882 ·

184 960 301 1026 orbum
331 958 485 1024 sermonis
516 956 777 1042 adloquendum
804 956 989 1042 mysterium
1024 957 1152 1036 Christi,
1187 955 1314 1040 propter

156 1062 268 1146 equod
298 1062 394 1127 etiam
422 1061 548 1126 uinctum
571 1079 651 1139 sum,
681 1061 717 1124 ut
738 1060 937 1126 manifestem
959 1060 1041 1125 illud
1062 1059 1110 1125 ita
1131 1060 1168 1124 ut
1190 1060 1313 1142 oportet

182 1185 234 1232 me
256 1164 353 1247 loqui.
391 1164 422 1228 iu
447 1164 603 1246 sapientia
618 1163 776 1229 ambulate
801 1163 843 1227 ad
858 1181 913 1229 eos
928 1165 982 1246 qui
996 1163 1072 1228 loris
1088 1163 1171 1241 suut,
1186 1164 1313 1246 tempus

182 1267 384 1334 redimentes.
423 1285 526 1332 sermo
549 1267 662 1332 uester
678 1285 803 1349 semper
823 1268 856 1331 in
876 1266 981 1350 mutia
1005 1267 1073 1332 sale
1099 1267 1142 1331 sit
1156 1267 1312 1352 conditus,

183 1371 230 1436 ut‘
243 1370 353 1436 sciatis
376 1369 532 1452 quomodo
556 1369 701 1452 oporteat
722 1388 780 1434 uos
802 1369 971 1452 uuicuique
992 1369 1193 1452 respondere.

635 1523 859 1677 aurumi.

142 1793 170 1833 1⁰
495 1791 537 1833 DE
559 1791 710 1834 EPISTVLA
731 1792 775 1832 AD
797 1791 998 1834 mosmos.

224 1905 311 1970 linis
341 1904 447 1969 autem
474 1903 634 1986 praecepti
664 1903 713 1966 est
741 1902 859 1968 caritas
888 1902 928 1968 (le
957 1903 1052 1968 corde
1078 1922 1156 1986 puro
1180 1904 1212 1968 et
1234 1922 1311 1969 con-

182 2008 317 2074 scientia
346 2009 428 2073 bona
452 2007 483 2070 et
504 2006 567 2070 fide
591 2025 651 2071 uon
674 2005 759 2071 ficta.
799 2005 954 2089 aquibus
976 2007 1105 2090 quidam
1130 2009 1312 2073 aberrantes

183 2111 328 2176 conuersi
358 2112 430 2176 suut
456 2111 489 2175 iu
520 2109 747 2192 uaniloquium,
778 2109 923 2176 uolentes
953 2129 1022 2176 esse
1049 2111 1310 2194 legisdoctores,

182 2233 243 2280 non
272 2213 494 2297 intellegentes
516 2231 618 2296 neque
642 2232 722 2296 quae
750 2212 897 2278 locuntur
926 2233 1028 2297 neque
1052 2213 1091 2280 de
1116 2215 1228 2297 quibus
1251 2214 1311 2279 ad-

142 2345 169 2386 n
182 2317 317 2382 firmant.
357 2319 474 2382 scimus
507 2318 612 2381 autem
642 2317 790 2398 quoniam
817 2317 902 2383 bona
930 2318 979 2382 est
1005 2319 1066 2397 lex,
1095 2318 1216 2401 siquis
1240 2337 1310 2382 eam

180 2419 325 2504 legitime
353 2420 476 2486 utatur:
512 2419 614 2485 sciens
642 2419 713 2498 hoo,
743 2420 818 2502 quia
844 2419 928 2487 iusto
956 2439 1016 2486 uou
1048 2422 1097 2487 est
1125 2421 1177 2485 lox
1198 2423 1311 2504 posita,

182 2521 241 2588 sed
262 2522 387 2588 iniustis
411 2524 444 2588 et
464 2542 525 2588 nou
549 2523 696 2600 subditis,
716 2523 822 2606 impiis
838 2524 871 2588 et
891 2524 1121 2606 peccatoribus,
1146 2524 1310 2591 sceleratis

183 2627 216 2690 et
230 2626 654 2710 contaminatis,'pa1rioidiis
667 2628 700 2691 et
710 2626 909 2705 matricidiis,
920 2627 1110 2705 homicidiis,
1124 2627 1310 2705 lomicariis,

180 2729 394 2796 masculorum
418 2729 682 2809 concubitoribus,
712 2729 885 2813 plagiariis,
913 2729 1131 2809 mendacibus,
1154 2729 1310 2814 periuriis,

139 2858 167 2899 ro
182 2833 215 2898 st
230 2817 348 2916 siquid
366 2831 453 2898 aliud
468 2851 564 2898 sanae
581 2832 742 2898 doctrinae
759 2833 957 2912 aduersatur,
974 2851 1055 2918 quae
1073 2835 1122 2900 est
1137 2833 1311 2900 secuudum

185 2937 385 3030 euangelium
412 2936 532 3020 gloriae
560 2937 646 3001 beati
678 2936 738 3016 (lei,
770 2937 854 3020 quod
882 2939 1038 3003 creditum
1069 2939 1118 3004 est
1146 2938 1233 3004 mihi.
1270 2937 1313 3003 Itt

180 3041 272 3134 post
315 3039 534 3123 paululum:
581 3039 720 3106 Obsecro
756 3041 854 3123 igitur
891 3042 1025 3125 primum
1065 3041 1203 3107 omnium
1240 3040 1311 3106 fieri

181 3143 423 3220 obsecrationes,
448 3144 613 3223 orationes,
636 3142 875 3227 postulationes,
899 3145 1075 3228 gratiarum
1099 3145 1240 3212 actiones
1254 3161 1311 3227 pro

182 3245 324 3311 omuibus
347 3245 534 3326 hominibus,
558 3266 613 3330 pro
635 3247 763 3331 regibus
780 3248 813 3311 st
827 3249 971 3314 omnibus
999 3249 1099 3332 quiin
1116 3249 1310 3317 sublimitate

141 3379 169 3422 η
181 3347 264 3426 suut,
287 3348 324 3413 ut
346 3348 485 3431 quietum
508 3350 541 3414 et
561 3349 766 3432 tranquillam
781 3351 882 3416 uitam
898 3369 1029 3435 agamus
1044 3351 1077 3417 in
1093 3352 1176 3418 omui
1192 3353 1311 3436 pietate

207 3539 212 3544 ’
284 3535 573 3606 irrumat-'11
676 3537 984 3601 aprunam

232 3703 250 3760 3
266 3721 381 3776 spereat
399 3707 454 3772 Μ’,
482 3722 588 3776 operiet
606 3707 647 3762 Ρι
749 3709 766 3760 4
789 3713 913 3764 murena
932 3711 1026 3775 MPS,
1051 3718 1203 3768 mmrlrenu
1222 3711 1246 3766 G

180 3789 406 3874 imunrielre'S,
432 3784 639 3847 mamiestumo
708 3810 842 3864 oporteat
860 3795 888 3851 R
966 3796 1131 3851 icoudrrul
1145 3805 1185 3852 lit
1204 3798 1243 3852 Su

179 3876 197 3930 8
216 3876 361 3946 quoamoio
380 3878 448 3948 (roe.
467 3877 497 3947 (l)
516 3879 554 3932 Π
637 3892 769 3935 marera
786 3893 824 3935 sn
841 3895 1014 3938 coaosarsss
1032 3884 1111 3953 (atr.)
1126 3883 1132 3955 Ι
1146 3899 1257 3939 rrcrrrn
1272 3901 1310 3941 nn

179 3973 317 4018 aaronem
336 3976 566 4020 aprunam
585 3966 745 4035 (micalli
834 3968 866 4021 11
886 3968 975 4024 autem
991 3971 1024 4024 ia
1040 3985 1099 4024 ras.
1117 3970 1146 4024 P
1231 3970 1310 4025 corbo

179 4047 219 4102 bt
297 4047 417 4104 liliola·
440 4049 592 4119 (traam
677 4052 710 4107 18
726 4053 828 4107 nolum
844 4054 884 4107 Ρι
965 4055 997 4109 15
1016 4056 1130 4112 calice
1211 4056 1310 4111 lbra·

179 4125 262 4189 iures
279 4135 327 4191 Ra
412 4136 470 4207 hee]
488 4137 584 4192 aab&
666 4137 777 4193 lernou
796 4145 839 4193 err
859 4139 899 4195 So
983 4140 1026 4196 lar
1043 4143 1076 4197 ia
1092 4156 1152 4197 rae.
1170 4145 1188 4196 5
1205 4142 1260 4197 litt.
1277 4144 1310 4198 in

179 4219 209 4275 P
310 4219 344 4275 la
366 4221 514 4292 pan-rerinl
533 4222 556 4274 ir
577 4223 740 4278 mamardus
759 4225 908 4280 bomruclul
927 4227 1072 4285 Mmcfflz
1101 4227 1180 4282 -crdrl
1200 4230 1308 4294 Paeo,

178 4305 274 4360 -auac
289 4305 318 4361 S
408 4307 662 4364 lb'eoucubrrorum
679 4309 740 4365 Mo
832 4329 916 4384 pruna
930 4313 1125 4377 mutuabit
1220 4323 1313 4388 pruriat

178 4391 279 4456 brom,
305 4399 415 4466 pinsant
429 4394 470 4448 P:
495 4409 578 4466 pruris
596 4397 677 4466 aaa,
703 4398 809 4453 -rrssS
882 4399 918 4454 22
934 4415 1018 4470 primo
1037 4401 1147 4471 Mod.
1164 4404 1239 4471 Ara.)
