3159 4967
276 452 338 519 138
662 453 688 506 S.
705 431 826 506 Aureli
842 452 1025 521 Augustini

274 661 315 708 ne
339 641 539 725 derelinquas
561 661 612 706 me
627 641 659 706 in
674 640 817 724 cogitatu
831 640 967 706 illorum.
1008 639 1223 706 extollentiam
1240 641 1404 706 oculorum

274 765 417 812 meorum
440 765 480 812 ne
503 745 629 811 dederis
650 745 727 811 milri
758 746 792 809 st
821 763 913 810 omns
937 743 1129 810 desiderium
1159 743 1267 809 auerte
1297 763 1317 809 a
1344 764 1407 810 me.

275 849 364 914 aufer
388 869 407 913 a
428 869 479 914 me
502 850 621 915 uentris
649 848 932 933 concupiscentias,
963 849 995 912 et
1023 846 1209 914 concubitus
1235 847 1407 931 eoncupis-

276 955 400 1020 centiae
423 973 462 1019 ne
478 953 694 1037 adprehendat
707 971 769 1029 me,
794 952 827 1016 et
842 952 965 1018 animae
980 952 1172 1016 inreuerenti
1190 951 1222 1016 et
1235 949 1409 1016 iniruuitm

275 1075 315 1122 ue
336 1057 446 1122 tradas
467 1076 528 1122 me.
574 1057 751 1122 doctrinam
774 1055 837 1120 oris
861 1054 980 1133 audite,
1003 1053 1071 1132 filii,
1095 1056 1128 1120 et
1150 1055 1204 1138 qui
1220 1053 1408 1120 custodierit
1434 1069 1451 1110 ⁵

276 1159 376 1237 illam,
399 1180 460 1226 non
481 1160 586 1244 periet
606 1160 700 1226 labiis
722 1158 800 1236 suis,
823 1177 881 1224 nec
905 1157 1172 1224 semdannaninu
1199 1157 1231 1222 in
1260 1157 1407 1240 operibus

274 1263 486 1347 nequissimis.
515 1264 547 1330 in
561 1263 705 1329 uanitate
719 1279 779 1328 sua
795 1261 1039 1346 adprehenditur
1049 1261 1199 1345 peccator
1210 1263 1243 1326 et
1253 1261 1407 1344 superbus

277 1369 311 1434 ot
331 1367 508 1433 maledicus
530 1366 795 1433 scandalizabitur
817 1364 849 1429 iu
871 1363 945 1430 illis.
981 1364 1130 1430 iurationi
1152 1383 1213 1430 non
1236 1364 1409 1432 adsuescat

277 1490 313 1537 os
333 1473 440 1536 tuum:
462 1471 582 1536 multus
605 1469 689 1534 enim
709 1487 804 1533 casus
826 1468 858 1533 in
880 1467 945 1532 illa
984 1467 1155 1533 nominatio
1178 1485 1268 1533 uere.
1278 1467 1330 1532 dei
1344 1486 1407 1532 non

276 1574 319 1641 sit
333 1574 470 1640 adsidua
483 1574 516 1640 in
533 1593 586 1640 ore
599 1573 665 1649 tuo,
683 1571 716 1636 et
729 1570 907 1636 nominibus
919 1569 1099 1636 sanctorum
1110 1589 1172 1635 nou
1185 1569 1407 1636 admiscearis:
1422 1586 1448 1627 ιο

277 1679 427 1762 quoniam
449 1697 509 1743 non
533 1677 595 1742 eris
617 1675 754 1740 inmunis
778 1675 817 1739 ab
842 1673 897 1738 eis.
943 1672 1027 1738 sicut
1055 1673 1137 1739 enim
1166 1691 1279 1738 seruus
1304 1673 1407 1739 inter-

274 1783 406 1866 rogatus
429 1780 561 1846 adsidue
585 1799 604 1844 a
624 1779 726 1844 liuore
747 1797 808 1843 uon
837 1776 999 1855 minuitur,
1034 1777 1079 1842 sic
1110 1776 1211 1842 omnis
1237 1777 1344 1841 iurans
1373 1776 1408 1842 et

275 1887 440 1950 nominans
472 1883 505 1949 in
536 1884 605 1949 toto
636 1903 656 1949 a
688 1883 821 1966 peccato
855 1901 914 1948 non
949 1882 1144 1964 purgabitur.
1189 1881 1238 1946 uir
1271 1879 1406 1946 multum

273 1987 382 2052 iurans
408 1986 591 2070 implebitur
618 1986 787 2069 iniquitate
817 1985 850 2050 et
879 2004 939 2050 non
969 1983 1115 2050 discedet
1148 2004 1167 2050 a
1197 1985 1289 2051 domo
1317 1983 1406 2048 illius

275 2089 380 2173 plaga.
426 2089 459 2154 et
480 2089 507 2154 si
528 2087 737 2164 fiusuauerit
761 2087 914 2154 defletum
935 2087 1022 2154 illius
1045 2107 1139 2170 super
1159 2089 1264 2172 ipsum
1280 2087 1349 2165 erit,
1373 2089 1406 2152 et
1421 2099 1448 2140 ¹⁵

275 2192 303 2257 si
315 2190 572 2268 dissimulauerit,
589 2190 744 2274 delinquit
755 2189 932 2273 dupliciter.
961 2191 1033 2257 etsi
1047 2191 1079 2256 in
1090 2210 1230 2258 uacuum
1241 2190 1404 2267 iurauerit,

275 2313 336 2360 non
358 2293 597 2360 iustificabitur:
625 2293 798 2376 replebitur
827 2293 910 2358 enim
938 2293 1145 2360 retributione
1175 2295 1287 2360 domus
1308 2293 1403 2358 illius.

274 2397 323 2465 lit
354 2399 446 2482 post
478 2399 543 2462 llll
576 2416 734 2463 uersus:
768 2396 1053 2480 indisciplinationi
1081 2415 1142 2464 non
1171 2396 1343 2464 adsuescat
1370 2415 1405 2462 os

194 2523 199 2534 ·
273 2503 380 2567 tuum:
410 2502 460 2568 est
481 2502 565 2568 enim
586 2502 618 2566 in
639 2501 697 2566 illa
718 2502 852 2566 uerbum
877 2501 1012 2583 peccati.
1056 2500 1214 2566 memento
1245 2501 1343 2585 patris
1373 2500 1406 2565 st

273 2607 385 2672 matris
405 2607 497 2672 mae:
530 2605 564 2671 in
585 2605 690 2670 medio
714 2605 798 2670 enim
820 2605 1040 2687 magnatorum
1062 2604 1226 2670 consistis:
1260 2623 1300 2670 no
1323 2603 1403 2668 sorte
1418 2615 1446 2656 ¹⁰

274 2709 481 2777 obliuiscetur
501 2709 535 2775 te
558 2707 637 2775 deus
658 2709 691 2774 in
714 2709 887 2790 conspectu
908 2707 1045 2787 illerum,
1077 2709 1109 2774 et
1132 2707 1325 2774 adsiduitate
1347 2707 1405 2772 tua

273 2813 448 2879 infatuatus
468 2813 682 2897 inproperium
704 2812 836 2896 patiaris
860 2813 892 2878 et
907 2813 1075 2878 maluisses
1091 2831 1151 2879 non
1167 2811 1256 2878 nasci
1272 2811 1304 2876 ot
1319 2809 1405 2876 diem

274 2916 452 2982 natiuitatis
465 2918 541 2982 tuae
563 2916 747 2982 maledicas.
778 2917 871 2982 homo
890 2915 1042 2982 adsuetus
1064 2917 1096 2982 in
1114 2916 1221 2982 uerbis
1235 2912 1405 2998 inproperii

272 3019 305 3084 in
329 3021 473 3086 omnibus
496 3021 608 3085 diebus
631 3021 697 3085 suis
718 3039 779 3084 non
803 3019 973 3085 erudietur
1020 3020 1082 3086 duo
1104 3037 1222 3104 genera
1245 3017 1405 3084 abundant

273 3123 306 3187 in
329 3123 479 3206 peccatis,
503 3124 536 3188 et
556 3123 688 3188 tertium
711 3122 844 3188 adducit
872 3123 952 3188 nam
981 3124 1015 3188 et
1035 3122 1253 3206 perditionem.
1299 3120 1405 3187 anima
1419 3137 1448 3176 so

378 3327 412 3382 18
428 3325 509 3384 liooli
527 3326 570 3392 28,
591 3326 693 3382 17-23

327 3515 410 3583 lme]
430 3529 480 3569 ooo.
499 3515 537 3570 P·
640 3514 809 3570 exrodsnrru
827 3515 893 3580 Me.
912 3514 1051 3570 extollent
1070 3516 1105 3571 Ρ·
1211 3517 1227 3570 2
1246 3515 1404 3571 desidorium

272 3615 383 3670 prauum
406 3616 426 3652 o
532 3599 789 3668 eoonmpueenuo
813 3600 837 3656 S
936 3607 1166 3670 concupiscentias
1185 3601 1336 3656 uenran

275 3685 545 3755 lapprohendanto
635 3701 724 3740 anrmo
743 3686 776 3741 θ’
868 3687 1046 3742 rnlrumroc
1134 3687 1151 3740 5
1169 3688 1206 3758 et]
1225 3703 1276 3744 om.
1296 3687 1334 3742 ΡΙ

273 3772 291 3825 6
307 3786 392 3840 penrr
412 3770 441 3835 S,
459 3769 562 3840 ponbrr
580 3771 617 3825 Ρ·
701 3771 804 3826 mbo:
821 3771 850 3824 in
867 3771 990 3842 operibus
1007 3801 1043 3814 -
1059 3803 1094 3814 -
1111 3773 1335 3829 wandallssbitur
1351 3789 1403 3829 om.

273 3855 302 3912 R
371 3857 443 3927 let]
461 3871 512 3911 om.
531 3857 566 3910 Ρ
652 3855 869 3912 {iterationes
952 3856 1090 3912 mnium
1107 3860 1180 3914 MP*
1267 3860 1284 3914 9
1302 3858 1409 3914 multos

274 3941 332 3997 0³8
425 3942 458 3996 10
475 3939 577 3996 aliudua
594 3941 685 3998 ORSu
788 3943 822 3998 12
838 3959 978 3998 minuetur
995 3946 1034 3998 P¹
1129 3944 1162 3998 13
1176 3945 1281 4000 multus
1295 3945 1334 3999 Ρ·

274 4027 314 4082 14,
326 4026 441 4082 ὼίοοὼτ
461 4028 485 4084 0
562 4027 641 4098 illius]
662 4023 694 4083 ω’
714 4030 743 4084 R
824 4028 1405 4096 15frunrs1msuemnff¹cafrums

273 4113 342 4167 uerit
358 4112 469 4167 nauem
485 4130 505 4168 o
584 4119 632 4186 lup
648 4114 697 4169 ullu
715 4115 802 4171 MOR
883 4115 916 4168 16
934 4115 1066 4186 delinqui
1085 4117 1108 4172 S
1185 4118 1217 4171 17
1235 4115 1405 4172 iudicabitur

272 4198 303 4254 R
373 4197 560 4253 rernburreue
577 4205 688 4268 pamma
704 4201 762 4254 P’o
843 4199 876 4254 18
892 4199 1140 4270 rndrlerplmurrone
1157 4201 1243 4268 Moto,
1261 4201 1406 4272 rndrrcrplr·

271 4299 343 4338 nare
361 4283 391 4349 0,
418 4283 619 4354 rudrrcrphnare
641 4301 768 4340 rurauom
791 4287 821 4340 ul
843 4286 945 4355 loquele
963 4289 992 4344 R
1095 4289 1130 4344 20
1147 4293 1276 4344 oonnner
1292 4289 1338 4344 OS

273 4369 308 4423 22
325 4368 518 4455 rnfaruesarul
532 4372 561 4425 P
627 4371 661 4424 25
679 4370 775 4426 aducrr
795 4373 861 4438 MC,
880 4371 991 4430 adduce
1011 4374 1035 4429 S
