3159 4967
401 459 449 514 De
466 458 594 513 diuinis
613 459 794 528 scripturis
812 459 884 512 siue
902 458 1086 527 Speculum.
1248 458 1312 523 629

176 649 409 740 concubitores,
432 668 535 733 neque
550 648 646 727 tures,
669 668 770 733 neque
787 648 886 725 anari,
910 665 970 713 non
986 646 1114 725 ebriaci,
1132 663 1193 712 non
1208 645 1312 711 male-

179 752 253 829 dici,
281 771 342 818 non
369 770 504 836 rapaces
531 771 666 836 regnum
689 751 741 817 dei
762 750 977 836 possidebunt
1017 752 1050 817 et
1079 752 1158 816 haec
1182 750 1310 833 quidem

178 854 294 935 fuistis,
318 854 375 920 sed
399 855 498 921 abluti
522 856 610 931 estis,
633 854 692 921 sed
705 852 895 919 sanctificati
913 854 990 919 estis
1004 854 1037 919 in
1051 854 1177 919 nomine
1194 852 1312 918 domini

178 959 278 1025 nostri
298 958 369 1024 iesu
391 958 501 1023 christi
524 959 557 1023 et
576 958 610 1022 in
633 958 744 1041 spiritu
768 956 819 1022 dei
841 956 950 1022 nostri.
996 956 1098 1021 Item
1121 956 1169 1021 ad
1193 957 1312 1039 ephe-

152 1062 278 1129 esios:
300 1062 370 1127 Hoc
393 1061 491 1144 igitur
514 1059 585 1127 dico
609 1062 643 1127 et
662 1060 817 1126 testificor
838 1060 870 1124 in
887 1058 1022 1139 domino,
1046 1060 1082 1124 ut
1103 1059 1167 1124 iam
1183 1076 1243 1124 non
1266 1058 1312 1125 sic

180 1164 316 1249 amplius
344 1164 523 1238 ambuletis,
553 1165 637 1230 aient
658 1164 769 1247 gentes
793 1162 957 1228 ambulant
978 1161 1009 1226 in
1033 1162 1175 1228 uanitate
1198 1162 1314 1227 mentis

180 1285 268 1346 suae,
300 1267 442 1333 tenebris
475 1254 682 1333 dbcaecatum
714 1266 870 1331 habentes
902 1262 1111 1344 intellectum,
1143 1265 1315 1331 alienatio

179 1370 250 1436 uita
265 1369 327 1448 dei,
349 1389 405 1454 per
425 1369 635 1454 ignorantiam
652 1387 733 1452 qnae
757 1368 807 1435 eet
827 1369 859 1434 in
881 1366 956 1446 illis,
979 1368 1107 1453 proptor
1122 1368 1314 1435 caecitatem

180 1473 287 1539 cordis
310 1490 428 1551 eornm,
467 1474 522 1556 qui
555 1473 760 1557 desperantes
793 1474 895 1538 semet
923 1473 1008 1556 ipsos
1040 1471 1242 1538 tradiderunt
1262 1472 1313 1537 iu-

141 1600 170 1641 ro
181 1576 354 1661 pudicitiae
389 1577 422 1641 in
457 1577 670 1659 operationem
706 1576 915 1643 inmunditiae
949 1576 1050 1641 omnis
1084 1576 1117 1641 et
1150 1574 1313 1641 auaritiae.

180 1698 241 1745 uos
264 1680 370 1744 autem
391 1677 522 1745 nonita
544 1678 702 1745 didicistis
717 1680 882 1760 christum,
906 1678 1056 1745 sitamen
1071 1678 1163 1744 illum
1180 1678 1314 1743 audistis

182 1782 216 1848 et
235 1782 269 1847 iu
290 1782 359 1865 ipso
382 1781 469 1848 docti
492 1782 578 1862 estis,
610 1783 694 1848 sicut
715 1784 766 1849 est
786 1783 906 1849 ueritas
929 1784 961 1849 in
982 1782 1062 1861 iesu,
1090 1784 1126 1849 ut
1148 1781 1314 1867 deponatis

181 1885 355 1951 secundum
375 1886 512 1969 priorem
527 1887 802 1952 concremationem
818 1887 960 1955 ueterem
974 1886 1144 1966 homiuem,
1168 1885 1222 1969 qui
1237 1904 1314 1950 con-

180 1988 337 2071 rumpitur
353 1988 527 2055 secundum
544 1989 702 2055 desideria
717 1992 841 2056 erroris.
868 1990 1064 2057 renouamini
1081 1991 1188 2055 autem
1204 1988 1315 2072 spiritu

142 2091 298 2156 umentis
320 2091 463 2157 aestas:
485 2092 608 2157 induite
629 2111 745 2159 nouum
766 2094 935 2173 homiuem,
958 2094 1013 2177 qui
1028 2094 1204 2159 secundum
1220 2091 1315 2158 deum

183 2193 311 2259 creatus
333 2194 382 2259 est
403 2194 435 2258 iu
450 2192 574 2258 iustitia
589 2192 622 2258 et
636 2194 806 2259 sanctitate
824 2194 855 2259 et
870 2196 1015 2261 ueritate.
1053 2197 1154 2262 Item
1174 2195 1317 2279 petrus

184 2295 391 2379 apostolus
413 2297 462 2361 lIr
497 2295 610 2363 Gratia
631 2296 723 2361 uobis
745 2297 778 2362 et
799 2314 860 2381 pax
883 2297 1095 2381 adimpleatur
1116 2299 1148 2362 in
1170 2299 1316 2381 recogni-

181 2488 260 2548 ficati
293 2489 365 2549 ostis
395 2491 428 2549 in
456 2491 569 2550 nomine
598 2490 704 2549 domini
733 2490 778 2550 dei
808 2490 899 2550 nosti
921 2493 950 2551 at
970 2492 1001 2550 in
1024 2492 1127 2566 spiritu
1149 2492 1194 2550 dei
1216 2491 1316 2550 nostri.
1348 2508 1370 2548 a

183 2574 235 2635 dd
256 2575 396 2635 ctesias
419 2592 493 2651 cap.
516 2576 596 2635 XVI:
625 2575 688 2635 Hoc
715 2576 807 2651 igitur
836 2576 898 2635 dico
928 2577 957 2636 ot
980 2576 1122 2636 'testificor
1142 2577 1172 2635 in
1195 2577 1317 2645 domiuo,

144 2662 217 2721 aout
245 2661 303 2719 iam
331 2676 389 2720 non
418 2662 461 2721 sic
491 2662 652 2732 ambuletis,
684 2662 759 2722 sicut
787 2665 817 2722 et
845 2664 946 2737 gentes
968 2679 1082 2737 neque
1104 2663 1134 2721 in
1156 2662 1269 2721 iustitia
1290 2664 1319 2721 et

184 2747 338 2806 emetitata
370 2748 400 2807 ct
432 2747 560 2808 narium.
603 2748 645 2807 In
678 2748 846 2824 epistula
877 2749 973 2824 patri
996 2748 1026 2809 Π
1059 2764 1132 2824 cap.
1154 2748 1185 2807 I:
1219 2748 1319 2807 Gratia

181 2832 266 2892 uobis
289 2834 318 2891 et
338 2850 395 2907 pax
417 2833 604 2909 adimpleatur
625 2833 656 2892 in
677 2835 870 2909 recognitione
893 2834 998 2893 domini
1023 2834 1113 2893 nostri
1135 2835 1198 2895 iesu
1220 2834 1319 2893 chricti

184 3018 271 3081 idolis
304 3018 461 3079 seruientes
494 3036 608 3094 usque
642 3020 693 3079 sed
725 3020 873 3080 iustificati
905 3021 976 3081 ostis
1009 3020 1039 3081 in
1072 3022 1184 3081 nomine
1214 3021 1319 3081 domini
1347 3040 1371 3097 μ

184 3104 276 3163 nostri
305 3105 369 3165 issu
398 3105 500 3164 christi
520 3107 550 3164 et
570 3106 601 3164 in
625 3106 728 3181 spiritu
757 3106 803 3166 dei
824 3106 924 3166 nostri.
969 3106 1019 3165 lld
1048 3107 1219 3182 ephesios
1243 3124 1318 3183 cap.

144 3191 225 3252 aoV:
255 3190 317 3249 Hoc
338 3191 429 3265 igitur
451 3190 514 3249 dico
536 3193 566 3251 at
586 3191 724 3252 testificor
744 3192 776 3251 in
799 3192 920 3262 domino,
947 3194 980 3253 ut
1001 3192 1058 3251 iam
1080 3206 1137 3255 uon
1159 3194 1319 3264 ambuletis,
1367 3270 1369 3275 Δ

185 3274 262 3334 sicut
276 3278 377 3350 gentas
392 3277 539 3336 ambulant
559 3294 624 3351 ueq
633 3295 673 3336 ue
690 3276 800 3337 induite
814 3294 919 3338 nonum
933 3279 1085 3349 hominem,
1100 3280 1150 3354 qui
1166 3281 1320 3341 secuudum

184 3360 268 3419 deum
296 3364 407 3421 creatus
437 3364 482 3422 cat
510 3362 542 3421 iu
570 3362 683 3423 iustitia
704 3365 733 3421 et
757 3364 911 3423 sanctitate
939 3364 1081 3429 cantatis.
1123 3366 1258 3426 Patrue
1280 3366 1319 3425 iu

184 3446 348 3521 epistula
368 3448 397 3507 11
419 3464 494 3523 cap.
516 3448 546 3507 I:
571 3448 671 3507 Gratia
691 3449 775 3508 uobis
789 3451 819 3508 st
833 3466 890 3524 pax
905 3450 1092 3525 adimpleatur
1113 3452 1144 3511 in
1159 3452 1319 3525 cognitione

289 3646 306 3700 5
323 3646 420 3717 spuo.
437 3648 464 3713 4,
483 3648 586 3703 ra-sr
688 3651 722 3704 ra
738 3648 766 3704 11
782 3649 855 3707 rear.
874 3652 899 3715 1,
917 3650 986 3705 2-o
1024 3658 1026 3661 ·

238 3834 252 3889 1
278 3834 394 3892 aebriaei
416 3835 450 3892 S:
479 3836 750 3909 ebriosi(aebr·ll1)
768 3838 872 3895 MLdt
976 3854 1052 3895 nou.
1073 3855 1169 3894 .non.
1191 3855 1267 3895 .uon
1285 3839 1319 3895 S:

184 3938 293 3992 neque.
313 3938 442 3993 .neque.
463 3938 569 3992 meque
587 3924 688 3979 MLCo
782 3924 913 3981 telesiae
931 3925 959 3991 S,
987 3924 1091 3981 cffesios
1109 3927 1137 3981 L
1232 3926 1320 3981 dam-

184 4007 439 4078 patiemurne,
469 4009 631 4080 sicampliua
647 4025 699 4065 ova.
716 4028 734 4065 o
820 4011 929 4066 sioutet
946 4011 1049 4067 alnov
1067 4012 1176 4081 (καθὼς
1191 4011 1250 4079 καὶ)

184 4109 377 4165 uma-sema
470 4110 533 4165 an
549 4110 669 4165 manee
684 4112 771 4167 ncnc
865 4111 1031 4168 abactae
1123 4104 1320 4183 acceperant·
1380 4093 1383 4102 ’

186 4198 216 4263 (··
233 4209 253 4249 a
268 4207 304 4249 aa.
322 4194 391 4260 1>ss
473 4196 642 4251 tradiderunt
659 4199 743 4251 semet
759 4198 832 4267 ipsos
850 4199 940 4255 MLO
1025 4200 1056 4253 11
1076 4198 1213 4253 dcdiciatie
1231 4200 1255 4255 S

187 4296 221 4352 12
239 4298 267 4351 a
283 4281 414 4367 ¹np00s
514 4300 548 4355 ra
570 4316 699 4370 emp
721 4301 810 4357 mue
912 4304 945 4357 15
969 4306 997 4357 o
1013 4302 1116 4357 neme
1134 4302 1247 4373 mna,
1274 4303 1320 4355 „aa

185 4378 357 4437 ἐνδύσασθαι
461 4386 493 4439 17
513 4387 657 4457 apostolus]
675 4388 704 4440 in
722 4388 836 4457 epistola
853 4392 927 4459 (epla
948 4390 977 4453 0,
997 4392 1029 4459 ep
1047 4388 1084 4459 L)
1103 4388 1194 4445 HLO
