3159 4967
418 452 465 505 De
483 450 610 505 diuinis
628 450 811 519 scripturis
829 449 901 503 siue
920 448 1099 519 Speculum.
1262 448 1325 515 579

195 641 275 707 lucit
295 640 384 705 illum
405 638 575 705 moechari.
614 637 723 703 dicunt
745 638 774 703 ci
798 636 961 719 discipuli:
992 637 1020 702 si
1048 638 1122 703 tulis
1145 637 1205 703 uiri
1228 656 1326 704 cunss

198 744 248 811 est
276 763 349 809 cum
378 761 484 820 uxore,
514 760 575 805 non
607 739 732 823 expedit
761 742 888 806 nubere.
926 741 1012 807 iesus
1037 742 1142 807 nutem
1164 741 1327 824 respondit

199 848 261 914 eis:
284 866 345 913 non
368 864 476 912 omnes
499 845 627 927 copiunt
649 845 780 910 uerbum
803 844 899 923 istud,
923 845 981 909 sed
1003 846 1034 909 lui
1057 846 1170 928 quibus
1193 862 1326 911 conces-

198 970 270 1017 sum
293 951 349 1015 est
381 950 455 1014 sunt
477 948 561 1013 enim
583 945 748 1030 spadones,
773 948 827 1030 qui
850 966 887 1012 ex
908 948 998 1013 utero
1021 947 1131 1013 metris
1154 948 1219 1013 nnti
1243 949 1325 1027 sunt,

167 1078 186 1117 s
200 1056 232 1119 et
253 1056 327 1119 sunt
357 1050 523 1136 spadones,
554 1050 608 1134 qni
633 1050 710 1115 facti
732 1051 805 1115 sunt
828 1051 867 1116 ab
889 1050 1077 1129 hominibus,
1101 1052 1134 1115 et
1156 1051 1229 1116 sunt
1251 1070 1327 1133 sps-

200 1158 307 1234 donos,
332 1157 384 1239 qui
407 1174 442 1220 se
463 1155 548 1238 ipsos
572 1155 828 1238 spedonauerunt
841 1156 967 1237 propter
981 1173 1122 1237 regnum.
1155 1154 1209 1238 qui
1222 1155 1328 1237 potest

195 1278 322 1343 capere,
346 1258 461 1342 cupiat.

679 1480 847 1564 LXXXI.

342 1681 383 1722 DE
406 1680 582 1723 CONCORDIA
604 1678 777 1721 CONIVGALI
801 1678 838 1719 ΒΤ
861 1679 982 1720 HABITV
1004 1678 1183 1721 MVLIEBVM.

159 1839 188 1881 ιο
243 1813 284 1876 In
315 1811 620 1875 ecclesiastico:
650 1811 686 1874 In
717 1810 818 1875 tribus
847 1808 999 1892 placitum
1028 1810 1077 1875 ost
1099 1810 1222 1893 spiritui
1245 1829 1327 1889 meo,

201 1933 282 1997 quse
314 1916 386 1980 sunt
414 1914 547 1997 probatu
572 1930 678 1977 coram
702 1912 761 1978 deo
785 1912 817 1977 et
838 1913 973 1998 homine,
1005 1914 1172 1980 concordie
1194 1914 1328 1980 datium

201 2020 234 2083 et
269 2037 354 2084 umor
387 2019 597 2101 proximorum
630 2017 662 2082 et
695 2017 745 2081 uir
779 2018 812 2081 et
844 2016 957 2082 mulier
992 2017 1052 2083 sibi
1086 2018 1326 2085 consentientes.

200 2122 299 2187 Item
330 2122 537 2204 apostolus
567 2120 614 2185 sd
644 2121 919 2185 colossenses:
955 2120 1032 2198 Vin',
1062 2120 1184 2205 diligite
1214 2139 1328 2187 uxores

200 2226 325 2290 uestras
348 2226 380 2289 et
402 2224 498 2290 nolito
516 2224 615 2288 smuri
631 2241 700 2289 esse
717 2223 870 2289 aduersus
892 2222 973 2288 illas.
1004 2222 1163 2303 mulieres,
1180 2224 1325 2290 subditae

161 2452 269 2550 scquis
291 2467 481 2527 quaecumque
510 2450 648 2511 dimiserit
669 2465 782 2508 uxorem
806 2465 886 2508 snam
907 2466 1021 2525 usqne
1044 2450 1093 2524 qui
1114 2452 1208 2525 potest
1230 2468 1328 2527 capere
1361 2473 1384 2514 α

200 2538 365 2682 sappum
400 2642 440 2683 ns
471 2641 646 2684 consonum
676 2640 847 2683 comosus
874 2640 913 2681 nn
935 2640 1055 2682 ωιτν
1078 2641 1256 2683 mvnmnvm.
1289 2624 1329 2682 In

200 2707 460 2768 ecclesiastico
484 2724 557 2782 cap.
668 2725 675 2765 ε
708 2707 742 2765 In
771 2706 863 2765 tribus
895 2706 1031 2781 placitum
1057 2708 1100 2766 ost
1123 2708 1237 2781 spiritui
1259 2726 1330 2779 meo,

202 2812 273 2868 qnae
297 2794 364 2853 sunt
385 2793 505 2869 probati.
542 2792 583 2851 In
604 2792 767 2868 epistula
789 2792 833 2851 ad
854 2792 1153 2853 tesalonicenses
1176 2810 1248 2868 cup.
1322 2812 1330 2853 t

161 3016 294 3085 scuobis
323 3016 390 3112 quis
419 3015 586 3089 quicumque
615 3014 754 3075 dimiserit
781 3028 897 3075 uxorem
925 3032 1005 3073 snum
1033 3032 1144 3089 usque
1166 3018 1215 3092 qui
1237 3018 1331 3093 potest
1360 3038 1384 3097 μ

202 3103 443 3247 ωρΙῗῗΧξῗωιξκ
475 3204 651 3247 couconnm
680 3204 852 3248 comvcnun
874 3206 913 3247 nn
935 3206 1056 3247 ωιτν
1077 3207 1256 3251 mvumnvm.
1289 3187 1330 3247 In

202 3272 467 3331 ecclesiastico
490 3287 562 3346 cap.
585 3271 655 3330 XII:
688 3272 722 3330 In
754 3272 847 3331 tribus
879 3271 1015 3347 placitum
1049 3277 1093 3333 est
1126 3272 1239 3349 spiritui
1268 3290 1329 3333 mco

202 3374 318 3432 usqne
350 3358 396 3416 nir
425 3359 453 3415 et
480 3357 581 3415 mulier
603 3357 659 3416 sibi
681 3358 898 3417 consentientes.
943 3358 994 3416 Ad
1017 3360 1229 3420 colosenses
1252 3376 1328 3434 cap.

162 3443 241 3503 ssV:
271 3442 413 3512 Mulieres,
444 3441 573 3501 subditae
599 3444 688 3501 estote
710 3442 780 3502 uiris
804 3442 879 3502 sicut
900 3444 1009 3518 oportet
1031 3446 1061 3504 in
1083 3446 1194 3505 domino
1216 3460 1330 3519 nsque

307 3658 339 3713 10
356 3658 489 3725 scolius,
509 3658 523 3713 1
543 3662 571 3713 ct
588 3658 604 3711 2
709 3658 741 3713 13
758 3658 815 3715 col.
833 3658 858 3725 3,
877 3660 909 3714 19
928 3662 956 3715 et
974 3660 1006 3715 18

260 3863 440 3917 leiom.M
531 3863 812 3918 ceusnniriMVLG
906 3863 1164 3921 ncumuxorems
1258 3865 1330 3921 ehii

203 3948 316 4005 SMVG
416 3950 433 4002 5
452 3966 498 4018 pr.
516 3950 545 4002 et
561 3950 625 4002 sunt
647 3949 739 4004 cond
841 3952 869 4004 ct
886 3953 948 4005 sunt
970 3951 1099 4021 spadones
1124 3952 1162 4006 M
1166 3951 1253 4008 Vnc:
1280 3968 1332 4009 om.

203 4034 229 4090 S
328 4034 465 4103 dipsoS
564 4037 747 4089 cestrsuerunt
765 4035 894 4091 MVLOo
996 4052 1105 4107 regnum
1122 4038 1252 4093 caelorum
1270 4040 1337 4096 MV

205 4120 271 4176 nco
367 4121 560 4176 9mulicris0
656 4122 688 4175 ll
706 4121 812 4175 homins
830 4122 863 4177 Sc
888 4122 1037 4179 hominibus
1056 4125 1196 4190 Moneo,
1215 4125 1252 4193 cs.
1271 4130 1333 4191 347,

202 4208 493 4277 dubirecips'eudum
504 4213 567 4262 mat
584 4207 689 4262 homins
794 4206 826 4260 12
844 4209 1011 4264 consentiens
1029 4210 1119 4266 ΜΠ
1217 4210 1250 4265 18
1267 4212 1336 4267 item

204 4308 249 4363 sp.
267 4309 291 4349 ι
309 4295 358 4348 col.
376 4308 427 4348 om.
446 4293 486 4359 L,
509 4294 558 4349 sed
576 4294 702 4363 spatium
718 4308 842 4348 samm
860 4300 902 4349 cet
1005 4299 1090 4366 opust.
1108 4312 1158 4353 om.
1177 4298 1267 4354 MVO

202 4381 368 4434 colossenses
392 4379 425 4435 S:
454 4380 659 4435 tesulonicenses
681 4379 752 4444 MV,
782 4380 880 4437 cuessl·
907 4382 931 4438 0
1032 4382 1064 4437 14
1087 4383 1122 4437 nd
1142 4384 1203 4439 illas
1229 4384 1266 4440 Oc

1176 4484 1232 4539 tt·
