<?xml version="1.0" encoding="UTF-8"?>
<!DOCTYPE html PUBLIC "-//W3C//DTD XHTML 1.0 Transitional//EN"
    "http://www.w3.org/TR/xhtml1/DTD/xhtml1-transitional.dtd">
<html xmlns="http://www.w3.org/1999/xhtml" xml:lang="en" lang="en">
 <head>
  <title>
</title>
<meta http-equiv="Content-Type" content="text/html;charset=utf-8" />
  <meta name='ocr-system' content='tesseract 3.04.00' />
  <meta name='ocr-capabilities' content='ocr_page ocr_carea ocr_par ocr_line ocrx_word'/>
</head>
<body>
  <div class='ocr_page' id='page_1' title='image "./corpusscriptoru19wissgoog_0656.png"; bbox 0 0 3159 4967; ppageno 0'>
   <div class='ocr_carea' id='block_1_1' title="bbox 287 424 1197 493">
    <p class='ocr_par' dir='ltr' id='par_1_1' title="bbox 287 424 1197 493">
     <span class='ocr_line' id='line_1_1' title="bbox 287 424 1197 493; baseline -0.007 -10"><span class='ocrx_word' id='word_1_1' title='bbox 287 427 351 493; x_wconf 84' lang='lat'><strong>596</strong></span> <span class='ocrx_word' id='word_1_2' title='bbox 510 427 556 479; x_wconf 90' lang='lat' dir='ltr'><strong>Dc</strong></span> <span class='ocrx_word' id='word_1_3' title='bbox 574 425 703 479; x_wconf 85' lang='lat' dir='ltr'><strong>diuinis</strong></span> <span class='ocrx_word' id='word_1_4' title='bbox 722 426 903 493; x_wconf 86' lang='lat' dir='ltr'><strong>scripturis</strong></span> <span class='ocrx_word' id='word_1_5' title='bbox 922 426 995 479; x_wconf 80' lang='lat' dir='ltr'><strong>niue</strong></span> <span class='ocrx_word' id='word_1_6' title='bbox 1015 424 1197 493; x_wconf 83' lang='lat' dir='ltr'><strong>Speculum.</strong></span> 
     </span>
    </p>
   </div>
   <div class='ocr_carea' id='block_1_2' title="bbox 237 610 1426 1007">
    <p class='ocr_par' dir='ltr' id='par_1_2' title="bbox 237 610 1426 1007">
     <span class='ocr_line' id='line_1_2' title="bbox 237 610 1426 697; baseline -0.003 -18"><span class='ocrx_word' id='word_1_7' title='bbox 237 641 239 646; x_wconf 96' lang='lat'>·</span> <span class='ocrx_word' id='word_1_8' title='bbox 285 615 395 679; x_wconf 85' lang='lat' dir='ltr'><strong>tudine</strong></span> <span class='ocrx_word' id='word_1_9' title='bbox 418 614 536 697; x_wconf 86' lang='lat' dir='ltr'><strong>perfert</strong></span> <span class='ocrx_word' id='word_1_10' title='bbox 551 614 703 679; x_wconf 90' lang='lat' dir='ltr'><strong>nuntium.</strong></span> <span class='ocrx_word' id='word_1_11' title='bbox 742 614 842 679; x_wconf 88' lang='lat' dir='ltr'><strong>Item</strong></span> <span class='ocrx_word' id='word_1_12' title='bbox 865 614 904 677; x_wconf 94' lang='lat' dir='ltr'><strong>in</strong></span> <span class='ocrx_word' id='word_1_13' title='bbox 928 612 1231 677; x_wconf 81' lang='lat' dir='ltr'><strong>ecclesiastico:</strong></span> <span class='ocrx_word' id='word_1_14' title='bbox 1257 614 1289 677; x_wconf 91' lang='lat' dir='ltr'><strong>In</strong></span> <span class='ocrx_word' id='word_1_15' title='bbox 1313 610 1426 695; x_wconf 83' lang='lat' dir='ltr'><strong>lepide</strong></span> 
     </span>
     <span class='ocr_line' id='line_1_3' title="bbox 286 715 1424 800; baseline -0.002 -19"><span class='ocrx_word' id='word_1_16' title='bbox 286 718 373 783; x_wconf 87' lang='lat' dir='ltr'><strong>luteo</strong></span> <span class='ocrx_word' id='word_1_17' title='bbox 403 716 564 800; x_wconf 78' lang='lat' dir='ltr'><strong>lapidatus</strong></span> <span class='ocrx_word' id='word_1_18' title='bbox 588 716 637 782; x_wconf 84' lang='lat' dir='ltr'><strong>est</strong></span> <span class='ocrx_word' id='word_1_19' title='bbox 657 717 763 799; x_wconf 88' lang='lat' dir='ltr'><strong>piger:</strong></span> <span class='ocrx_word' id='word_1_20' title='bbox 796 718 828 781; x_wconf 87' lang='lat' dir='ltr'><strong>et</strong></span> <span class='ocrx_word' id='word_1_21' title='bbox 850 716 951 781; x_wconf 81' lang='lat' dir='ltr'><strong>omnis</strong></span> <span class='ocrx_word' id='word_1_22' title='bbox 972 715 1113 799; x_wconf 86' lang='lat' dir='ltr'><strong>loquitur</strong></span> <span class='ocrx_word' id='word_1_23' title='bbox 1137 715 1176 781; x_wconf 90' lang='lat' dir='ltr'><strong>de</strong></span> <span class='ocrx_word' id='word_1_24' title='bbox 1201 716 1424 799; x_wconf 80' lang='lat' dir='ltr'><strong>aspernatione</strong></span> 
     </span>
     <span class='ocr_line' id='line_1_4' title="bbox 289 818 1425 903; baseline -0.004 -17"><span class='ocrx_word' id='word_1_25' title='bbox 289 822 366 886; x_wconf 83' lang='lat' dir='ltr'><strong>eine.</strong></span> <span class='ocrx_word' id='word_1_26' title='bbox 404 821 444 885; x_wconf 87' lang='lat' dir='ltr'><strong>de</strong></span> <span class='ocrx_word' id='word_1_27' title='bbox 472 821 611 885; x_wconf 83' lang='lat' dir='ltr'><strong>stercore</strong></span> <span class='ocrx_word' id='word_1_28' title='bbox 633 822 729 886; x_wconf 90' lang='lat' dir='ltr'><strong>houm</strong></span> <span class='ocrx_word' id='word_1_29' title='bbox 750 820 911 902; x_wconf 79' lang='lat' dir='ltr'><strong>lapidatus</strong></span> <span class='ocrx_word' id='word_1_30' title='bbox 935 820 984 885; x_wconf 87' lang='lat' dir='ltr'><strong>est</strong></span> <span class='ocrx_word' id='word_1_31' title='bbox 1004 820 1110 903; x_wconf 81' lang='lat' dir='ltr'><strong>piger:</strong></span> <span class='ocrx_word' id='word_1_32' title='bbox 1141 820 1241 883; x_wconf 85' lang='lat' dir='ltr'><strong>omnis</strong></span> <span class='ocrx_word' id='word_1_33' title='bbox 1265 819 1319 903; x_wconf 93' lang='lat' dir='ltr'><strong>qui</strong></span> <span class='ocrx_word' id='word_1_34' title='bbox 1343 818 1425 882; x_wconf 86' lang='lat' dir='ltr'><strong>teti·</strong></span> 
     </span>
     <span class='ocr_line' id='line_1_5' title="bbox 289 923 790 1007; baseline -0.002 -19"><span class='ocrx_word' id='word_1_35' title='bbox 289 925 373 1007; x_wconf 88' lang='lat' dir='ltr'><strong>gerit</strong></span> <span class='ocrx_word' id='word_1_36' title='bbox 393 923 484 988; x_wconf 90' lang='lat' dir='ltr'><strong>illum</strong></span> <span class='ocrx_word' id='word_1_37' title='bbox 508 924 647 988; x_wconf 73' lang='lat' dir='ltr'>excutiet</span> <span class='ocrx_word' id='word_1_38' title='bbox 668 942 790 989; x_wconf 85' lang='lat' dir='ltr'><strong>menne.</strong></span> 
     </span>
    </p>
   </div>
   <div class='ocr_carea' id='block_1_3' title="bbox 746 1163 965 1247">
    <p class='ocr_par' dir='ltr' id='par_1_3' title="bbox 746 1163 965 1247">
     <span class='ocr_line' id='line_1_6' title="bbox 746 1163 965 1247; baseline -0.009 0"><span class='ocrx_word' id='word_1_39' title='bbox 746 1163 965 1247; x_wconf 84' lang='lat' dir='ltr'>LXXXVII.</span> 
     </span>
    </p>
   </div>
   <div class='ocr_carea' id='block_1_4' title="bbox 407 1342 1301 1385">
    <p class='ocr_par' dir='ltr' id='par_1_4' title="bbox 407 1342 1301 1385">
     <span class='ocr_line' id='line_1_7' title="bbox 407 1342 1301 1385; baseline -0.002 -1"><span class='ocrx_word' id='word_1_40' title='bbox 407 1344 476 1385; x_wconf 76' lang='lat' dir='ltr'>SINE</span> <span class='ocrx_word' id='word_1_41' title='bbox 498 1344 617 1385; x_wconf 72' lang='lat' dir='ltr'><strong>mione</strong></span> <span class='ocrx_word' id='word_1_42' title='bbox 640 1342 794 1383; x_wconf 80' lang='lat' dir='ltr'>HOMINVM</span> <span class='ocrx_word' id='word_1_43' title='bbox 817 1342 972 1383; x_wconf 74' lang='lat' dir='ltr'>MANDATX</span> <span class='ocrx_word' id='word_1_44' title='bbox 995 1342 1048 1383; x_wconf 84' lang='lat' dir='ltr'><strong>DEI</strong></span> <span class='ocrx_word' id='word_1_45' title='bbox 1072 1342 1301 1383; x_wconf 65' lang='lat' dir='ltr'><strong>euhemerum.</strong></span> 
     </span>
    </p>
   </div>
   <div class='ocr_carea' id='block_1_5' title="bbox 290 1454 1554 2257">
    <p class='ocr_par' dir='ltr' id='par_1_5' title="bbox 290 1454 1554 2257">
     <span class='ocr_line' id='line_1_8' title="bbox 333 1454 1426 1538; baseline -0.003 -16"><span class='ocrx_word' id='word_1_46' title='bbox 333 1457 375 1522; x_wconf 94' lang='lat' dir='ltr'><strong>In</strong></span> <span class='ocrx_word' id='word_1_47' title='bbox 400 1455 609 1521; x_wconf 83' lang='lat' dir='ltr'><strong>ezechihel</strong></span> <span class='ocrx_word' id='word_1_48' title='bbox 631 1456 841 1538; x_wconf 82' lang='lat' dir='ltr'><strong>propheta:</strong></span> <span class='ocrx_word' id='word_1_49' title='bbox 865 1456 907 1520; x_wconf 79' lang='lat' dir='ltr'><strong>ut</strong></span> <span class='ocrx_word' id='word_1_50' title='bbox 928 1456 973 1534; x_wconf 87' lang='lat' dir='ltr'><strong>tn,</strong></span> <span class='ocrx_word' id='word_1_51' title='bbox 997 1455 1043 1519; x_wconf 88' lang='lat' dir='ltr'><strong>iili</strong></span> <span class='ocrx_word' id='word_1_52' title='bbox 1060 1454 1205 1533; x_wconf 85' lang='lat' dir='ltr'><strong>hominis,</strong></span> <span class='ocrx_word' id='word_1_53' title='bbox 1222 1474 1261 1519; x_wconf 89' lang='lat' dir='ltr'><strong>ne</strong></span> <span class='ocrx_word' id='word_1_54' title='bbox 1275 1454 1426 1519; x_wconf 82' lang='lat' dir='ltr'><strong>timueris</strong></span> 
     </span>
     <span class='ocr_line' id='line_1_9' title="bbox 291 1558 1427 1642; baseline -0.003 -17"><span class='ocrx_word' id='word_1_55' title='bbox 291 1578 355 1637; x_wconf 84' lang='lat' dir='ltr'><strong>eoe,</strong></span> <span class='ocrx_word' id='word_1_56' title='bbox 389 1578 491 1642; x_wconf 90' lang='lat' dir='ltr'><strong>neque</strong></span> <span class='ocrx_word' id='word_1_57' title='bbox 523 1578 643 1641; x_wconf 82' lang='lat' dir='ltr'><strong>peueee</strong></span> <span class='ocrx_word' id='word_1_58' title='bbox 674 1559 799 1624; x_wconf 80' lang='lat' dir='ltr'><strong>electe</strong></span> <span class='ocrx_word' id='word_1_59' title='bbox 834 1578 951 1636; x_wconf 84' lang='lat' dir='ltr'><strong>corum,</strong></span> <span class='ocrx_word' id='word_1_60' title='bbox 988 1558 1061 1641; x_wconf 84' lang='lat' dir='ltr'><strong>quie</strong></span> <span class='ocrx_word' id='word_1_61' title='bbox 1094 1558 1252 1623; x_wconf 81' lang='lat' dir='ltr'><strong>insanient</strong></span> <span class='ocrx_word' id='word_1_62' title='bbox 1281 1558 1314 1622; x_wconf 87' lang='lat' dir='ltr'><strong>ot</strong></span> <span class='ocrx_word' id='word_1_63' title='bbox 1344 1577 1427 1622; x_wconf 91' lang='lat' dir='ltr'><strong>oon·</strong></span> 
     </span>
     <span class='ocr_line' id='line_1_10' title="bbox 290 1661 1428 1743; baseline -0.003 -16"><span class='ocrx_word' id='word_1_64' title='bbox 290 1662 419 1727; x_wconf 91' lang='lat' dir='ltr'><strong>uenient</strong></span> <span class='ocrx_word' id='word_1_65' title='bbox 442 1662 610 1727; x_wconf 80' lang='lat' dir='ltr'><strong>aduersum</strong></span> <span class='ocrx_word' id='word_1_66' title='bbox 632 1662 665 1725; x_wconf 92' lang='lat' dir='ltr'><strong>te</strong></span> <span class='ocrx_word' id='word_1_67' title='bbox 691 1661 721 1725; x_wconf 92' lang='lat' dir='ltr'><strong>in</strong></span> <span class='ocrx_word' id='word_1_68' title='bbox 745 1662 890 1743; x_wconf 84' lang='lat' dir='ltr'><strong>circuitu.</strong></span> <span class='ocrx_word' id='word_1_69' title='bbox 929 1663 1027 1727; x_wconf 83' lang='lat' dir='ltr'><strong>uerba</strong></span> <span class='ocrx_word' id='word_1_70' title='bbox 1051 1680 1158 1727; x_wconf 86' lang='lat' dir='ltr'><strong>comm</strong></span> <span class='ocrx_word' id='word_1_71' title='bbox 1180 1661 1370 1739; x_wconf 77' lang='lat' dir='ltr'><strong>netimeas,</strong></span> <span class='ocrx_word' id='word_1_72' title='bbox 1396 1664 1428 1726; x_wconf 85' lang='lat' dir='ltr'><strong>et</strong></span> 
     </span>
     <span class='ocr_line' id='line_1_11' title="bbox 292 1765 1554 1853; baseline -0.006 -23"><span class='ocrx_word' id='word_1_73' title='bbox 292 1765 414 1830; x_wconf 77' lang='lat' dir='ltr'><strong>nfacie</strong></span> <span class='ocrx_word' id='word_1_74' title='bbox 437 1784 546 1831; x_wconf 90' lang='lat' dir='ltr'><strong>eorum</strong></span> <span class='ocrx_word' id='word_1_75' title='bbox 568 1785 607 1829; x_wconf 90' lang='lat' dir='ltr'><strong>ne</strong></span> <span class='ocrx_word' id='word_1_76' title='bbox 629 1784 757 1847; x_wconf 80' lang='lat' dir='ltr'><strong>peuces,</strong></span> <span class='ocrx_word' id='word_1_77' title='bbox 783 1766 858 1848; x_wconf 84' lang='lat' dir='ltr'><strong>quie</strong></span> <span class='ocrx_word' id='word_1_78' title='bbox 881 1766 992 1831; x_wconf 86' lang='lat' dir='ltr'><strong>domus</strong></span> <span class='ocrx_word' id='word_1_79' title='bbox 1016 1784 1204 1849; x_wconf 78' lang='lat' dir='ltr'><strong>exasperans</strong></span> <span class='ocrx_word' id='word_1_80' title='bbox 1227 1766 1284 1829; x_wconf 83' lang='lat' dir='ltr'><strong>est.</strong></span> <span class='ocrx_word' id='word_1_81' title='bbox 1321 1766 1427 1829; x_wconf 89' lang='lat' dir='ltr'><strong>Item</strong></span> <span class='ocrx_word' id='word_1_82' title='bbox 1442 1788 1463 1824; x_wconf 72' lang='grc' dir='ltr'><strong>ιο</strong></span> <span class='ocrx_word' id='word_1_83' title='bbox 1553 1772 1554 1853; x_wconf 57' lang='lat'>3</span> 
     </span>
     <span class='ocr_line' id='line_1_12' title="bbox 291 1866 1554 1951; baseline -0.001 -19"><span class='ocrx_word' id='word_1_84' title='bbox 291 1868 398 1932; x_wconf 90' lang='lat' dir='ltr'><strong>illie:</strong></span> <span class='ocrx_word' id='word_1_85' title='bbox 432 1868 516 1933; x_wconf 78' lang='lat' dir='ltr'><strong>Ecce</strong></span> <span class='ocrx_word' id='word_1_86' title='bbox 551 1867 625 1932; x_wconf 87' lang='lat' dir='ltr'><strong>dedi</strong></span> <span class='ocrx_word' id='word_1_87' title='bbox 657 1867 773 1933; x_wconf 81' lang='lat' dir='ltr'><strong>faeiem</strong></span> <span class='ocrx_word' id='word_1_88' title='bbox 807 1868 896 1933; x_wconf 84' lang='lat' dir='ltr'><strong>tuem</strong></span> <span class='ocrx_word' id='word_1_89' title='bbox 933 1868 1093 1951; x_wconf 89' lang='lat' dir='ltr'><strong>potentem</strong></span> <span class='ocrx_word' id='word_1_90' title='bbox 1132 1866 1285 1933; x_wconf 79' lang='lat' dir='ltr'><strong>aduersus</strong></span> <span class='ocrx_word' id='word_1_91' title='bbox 1323 1866 1427 1933; x_wconf 74' lang='lat' dir='ltr'><strong>iacies</strong></span> <span class='ocrx_word' id='word_1_92' title='bbox 1553 1870 1554 1887; x_wconf 65' lang='lat'>¹</span> 
     </span>
     <span class='ocr_line' id='line_1_13' title="bbox 293 1969 1427 2047; baseline -0.002 -12"><span class='ocrx_word' id='word_1_93' title='bbox 293 1989 411 2047; x_wconf 86' lang='lat' dir='ltr'><strong>eornm,</strong></span> <span class='ocrx_word' id='word_1_94' title='bbox 435 1970 467 2034; x_wconf 90' lang='lat' dir='ltr'><strong>et</strong></span> <span class='ocrx_word' id='word_1_95' title='bbox 489 1971 699 2037; x_wconf 78' lang='lat' dir='ltr'><strong>constantium</strong></span> <span class='ocrx_word' id='word_1_96' title='bbox 721 1971 810 2036; x_wconf 85' lang='lat' dir='ltr'><strong>tuem</strong></span> <span class='ocrx_word' id='word_1_97' title='bbox 833 1971 1014 2037; x_wconf 80' lang='lat' dir='ltr'><strong>confortabo</strong></span> <span class='ocrx_word' id='word_1_98' title='bbox 1038 1971 1190 2036; x_wconf 81' lang='lat' dir='ltr'><strong>aduersus</strong></span> <span class='ocrx_word' id='word_1_99' title='bbox 1206 1969 1427 2034; x_wconf 74' lang='lat' dir='ltr'><strong>contentiones</strong></span> 
     </span>
     <span class='ocr_line' id='line_1_14' title="bbox 294 2071 1428 2155; baseline 0 -18"><span class='ocrx_word' id='word_1_100' title='bbox 294 2091 411 2150; x_wconf 85' lang='lat' dir='ltr'><strong>eorum,</strong></span> <span class='ocrx_word' id='word_1_101' title='bbox 436 2073 468 2136; x_wconf 88' lang='lat' dir='ltr'><strong>et</strong></span> <span class='ocrx_word' id='word_1_102' title='bbox 491 2073 551 2137; x_wconf 88' lang='lat' dir='ltr'><strong>erit</strong></span> <span class='ocrx_word' id='word_1_103' title='bbox 572 2072 683 2138; x_wconf 82' lang='lat' dir='ltr'><strong>fortior</strong></span> <span class='ocrx_word' id='word_1_104' title='bbox 704 2074 795 2155; x_wconf 82' lang='lat' dir='ltr'><strong>petre</strong></span> <span class='ocrx_word' id='word_1_105' title='bbox 817 2074 994 2139; x_wconf 82' lang='lat' dir='ltr'><strong>constantie</strong></span> <span class='ocrx_word' id='word_1_106' title='bbox 1016 2074 1081 2138; x_wconf 75' lang='lat' dir='ltr'><strong>tne</strong></span> <span class='ocrx_word' id='word_1_107' title='bbox 1127 2073 1227 2136; x_wconf 89' lang='lat' dir='ltr'><strong>Item</strong></span> <span class='ocrx_word' id='word_1_108' title='bbox 1250 2071 1361 2136; x_wconf 91' lang='lat' dir='ltr'><strong>illic:</strong></span> <span class='ocrx_word' id='word_1_109' title='bbox 1386 2073 1428 2137; x_wconf 84' lang='lat' dir='ltr'><strong>Et</strong></span> 
     </span>
     <span class='ocr_line' id='line_1_15' title="bbox 293 2174 1426 2257; baseline 0.002 -20"><span class='ocrx_word' id='word_1_110' title='bbox 293 2194 332 2239; x_wconf 92' lang='lat' dir='ltr'><strong>ne</strong></span> <span class='ocrx_word' id='word_1_111' title='bbox 354 2174 498 2239; x_wconf 84' lang='lat' dir='ltr'><strong>timueris</strong></span> <span class='ocrx_word' id='word_1_112' title='bbox 521 2175 560 2239; x_wconf 87' lang='lat' dir='ltr'><strong>eh</strong></span> <span class='ocrx_word' id='word_1_113' title='bbox 584 2175 640 2251; x_wconf 87' lang='lat' dir='ltr'><strong>eie,</strong></span> <span class='ocrx_word' id='word_1_114' title='bbox 663 2192 765 2257; x_wconf 89' lang='lat' dir='ltr'><strong>neque</strong></span> <span class='ocrx_word' id='word_1_115' title='bbox 780 2175 929 2239; x_wconf 79' lang='lat' dir='ltr'><strong>terrearis</strong></span> <span class='ocrx_word' id='word_1_116' title='bbox 947 2196 965 2240; x_wconf 87' lang='lat' dir='ltr'><strong>e</strong></span> <span class='ocrx_word' id='word_1_117' title='bbox 981 2174 1063 2241; x_wconf 83' lang='lat' dir='ltr'><strong>fecie</strong></span> <span class='ocrx_word' id='word_1_118' title='bbox 1080 2194 1196 2253; x_wconf 83' lang='lat' dir='ltr'><strong>eorum,</strong></span> <span class='ocrx_word' id='word_1_119' title='bbox 1221 2174 1294 2257; x_wconf 86' lang='lat' dir='ltr'><strong>quie</strong></span> <span class='ocrx_word' id='word_1_120' title='bbox 1311 2174 1426 2240; x_wconf 83' lang='lat' dir='ltr'><strong>domus</strong></span> 
     </span>
    </p>
   </div>
   <div class='ocr_carea' id='block_1_6' title="bbox 292 2384 1460 2889">
    <p class='ocr_par' dir='ltr' id='par_1_6' title="bbox 292 2384 1460 2546">
     <span class='ocr_line' id='line_1_16' title="bbox 293 2384 1460 2461; baseline -0.003 -16"><span class='ocrx_word' id='word_1_121' title='bbox 293 2385 405 2460; x_wconf 77' lang='lat' dir='ltr'><strong>inpiger</strong></span> <span class='ocrx_word' id='word_1_122' title='bbox 437 2385 557 2444; x_wconf 85' lang='lat' dir='ltr'><strong>uidetur.</strong></span> <span class='ocrx_word' id='word_1_123' title='bbox 601 2385 638 2443; x_wconf 92' lang='lat' dir='ltr'><strong>In</strong></span> <span class='ocrx_word' id='word_1_124' title='bbox 674 2384 934 2445; x_wconf 81' lang='lat' dir='ltr'><strong>ecclesiastico</strong></span> <span class='ocrx_word' id='word_1_125' title='bbox 969 2402 1040 2461; x_wconf 83' lang='lat' dir='ltr'><strong>cap.</strong></span> <span class='ocrx_word' id='word_1_126' title='bbox 1064 2386 1121 2443; x_wconf 89' lang='lat' dir='ltr'>XI:</span> <span class='ocrx_word' id='word_1_127' title='bbox 1155 2386 1189 2445; x_wconf 92' lang='lat' dir='ltr'><strong>In</strong></span> <span class='ocrx_word' id='word_1_128' title='bbox 1221 2385 1315 2460; x_wconf 82' lang='lat' dir='ltr'><strong>lapide</strong></span> <span class='ocrx_word' id='word_1_129' title='bbox 1348 2386 1460 2445; x_wconf 76' lang='lat' dir='ltr'><strong>luteoc</strong></span> 
     </span>
     <span class='ocr_line' id='line_1_17' title="bbox 292 2472 615 2546; baseline -0.003 -16"><span class='ocrx_word' id='word_1_130' title='bbox 292 2472 436 2546; x_wconf 83' lang='lat' dir='ltr'><strong>Iapidetne</strong></span> <span class='ocrx_word' id='word_1_131' title='bbox 459 2474 503 2529; x_wconf 85' lang='lat' dir='ltr'><strong>est</strong></span> <span class='ocrx_word' id='word_1_132' title='bbox 524 2472 615 2546; x_wconf 80' lang='lat' dir='ltr'><strong>piger.</strong></span> 
     </span>
    </p>

    <p class='ocr_par' dir='ltr' id='par_1_7' title="bbox 292 2556 1460 2889">
     <span class='ocr_line' id='line_1_18' title="bbox 334 2556 1425 2619; baseline -0.001 -4"><span class='ocrx_word' id='word_1_133' title='bbox 334 2556 496 2617; x_wconf 86' lang='lat' dir='ltr'>LXXXVII.</span> <span class='ocrx_word' id='word_1_134' title='bbox 525 2578 595 2618; x_wconf 71' lang='lat' dir='ltr'><strong>erun</strong></span> <span class='ocrx_word' id='word_1_135' title='bbox 617 2576 737 2619; x_wconf 74' lang='lat' dir='ltr'><strong>Trnione</strong></span> <span class='ocrx_word' id='word_1_136' title='bbox 760 2576 914 2617; x_wconf 80' lang='lat' dir='ltr'><strong>uonflnvm</strong></span> <span class='ocrx_word' id='word_1_137' title='bbox 937 2576 1091 2617; x_wconf 68' lang='lat' dir='ltr'><strong>hrenneri</strong></span> <span class='ocrx_word' id='word_1_138' title='bbox 1115 2577 1168 2617; x_wconf 84' lang='lat' dir='ltr'><strong>nm</strong></span> <span class='ocrx_word' id='word_1_139' title='bbox 1190 2576 1425 2618; x_wconf 69' lang='lat' dir='ltr'><strong>Pnnnnrcennh.</strong></span> 
     </span>
     <span class='ocr_line' id='line_1_19' title="bbox 292 2642 1424 2716; baseline 0 -15"><span class='ocrx_word' id='word_1_140' title='bbox 292 2643 332 2701; x_wconf 92' lang='lat' dir='ltr'><strong>In</strong></span> <span class='ocrx_word' id='word_1_141' title='bbox 355 2643 538 2701; x_wconf 85' lang='lat' dir='ltr'><strong>ezechielo</strong></span> <span class='ocrx_word' id='word_1_142' title='bbox 561 2660 623 2716; x_wconf 83' lang='lat' dir='ltr'><strong>cap</strong></span> <span class='ocrx_word' id='word_1_143' title='bbox 736 2661 743 2698; x_wconf 77' lang='grc' dir='ltr'><strong>ε</strong></span> <span class='ocrx_word' id='word_1_144' title='bbox 777 2642 815 2699; x_wconf 80' lang='lat' dir='ltr'><strong>ut</strong></span> <span class='ocrx_word' id='word_1_145' title='bbox 841 2642 883 2712; x_wconf 87' lang='lat' dir='ltr'><strong>tn,</strong></span> <span class='ocrx_word' id='word_1_146' title='bbox 917 2642 958 2700; x_wconf 87' lang='lat' dir='ltr'><strong>fili</strong></span> <span class='ocrx_word' id='word_1_147' title='bbox 985 2642 1117 2713; x_wconf 85' lang='lat' dir='ltr'><strong>homiuie,</strong></span> <span class='ocrx_word' id='word_1_148' title='bbox 1151 2660 1186 2699; x_wconf 92' lang='lat' dir='ltr'><strong>ne</strong></span> <span class='ocrx_word' id='word_1_149' title='bbox 1214 2643 1343 2701; x_wconf 75' lang='lat' dir='ltr'><strong>timuerin</strong></span> <span class='ocrx_word' id='word_1_150' title='bbox 1376 2658 1424 2701; x_wconf 84' lang='lat' dir='ltr'><strong>eos</strong></span> 
     </span>
     <span class='ocr_line' id='line_1_20' title="bbox 293 2727 1425 2803; baseline 0 -16"><span class='ocrx_word' id='word_1_151' title='bbox 293 2745 384 2802; x_wconf 90' lang='lat' dir='ltr'><strong>neque</strong></span> <span class='ocrx_word' id='word_1_152' title='bbox 405 2744 512 2802; x_wconf 78' lang='lat' dir='ltr'><strong>paneae</strong></span> <span class='ocrx_word' id='word_1_153' title='bbox 535 2745 553 2787; x_wconf 83' lang='lat' dir='ltr'>a</span> <span class='ocrx_word' id='word_1_154' title='bbox 574 2728 646 2786; x_wconf 78' lang='lat' dir='ltr'><strong>facie</strong></span> <span class='ocrx_word' id='word_1_155' title='bbox 669 2744 772 2786; x_wconf 90' lang='lat' dir='ltr'><strong>eorum.</strong></span> <span class='ocrx_word' id='word_1_156' title='bbox 817 2728 905 2787; x_wconf 88' lang='lat' dir='ltr'><strong>Item</strong></span> <span class='ocrx_word' id='word_1_157' title='bbox 928 2744 1001 2803; x_wconf 84' lang='lat' dir='ltr'><strong>cap.</strong></span> <span class='ocrx_word' id='word_1_158' title='bbox 1106 2747 1113 2785; x_wconf 76' lang='grc' dir='ltr'><strong>ε</strong></span> <span class='ocrx_word' id='word_1_159' title='bbox 1141 2727 1213 2786; x_wconf 86' lang='lat' dir='ltr'><strong>Ecce</strong></span> <span class='ocrx_word' id='word_1_160' title='bbox 1237 2728 1299 2787; x_wconf 82' lang='lat' dir='ltr'><strong>deli</strong></span> <span class='ocrx_word' id='word_1_161' title='bbox 1322 2728 1425 2788; x_wconf 79' lang='lat' dir='ltr'><strong>faciem</strong></span> 
     </span>
     <span class='ocr_line' id='line_1_21' title="bbox 293 2813 1460 2889; baseline -0.001 -19"><span class='ocrx_word' id='word_1_162' title='bbox 293 2817 372 2874; x_wconf 90' lang='lat' dir='ltr'><strong>tuem</strong></span> <span class='ocrx_word' id='word_1_163' title='bbox 402 2815 552 2887; x_wconf 87' lang='lat' dir='ltr'><strong>potentem.</strong></span> <span class='ocrx_word' id='word_1_164' title='bbox 596 2814 684 2872; x_wconf 88' lang='lat' dir='ltr'><strong>Item</strong></span> <span class='ocrx_word' id='word_1_165' title='bbox 707 2830 779 2888; x_wconf 82' lang='lat' dir='ltr'><strong>cop.</strong></span> <span class='ocrx_word' id='word_1_166' title='bbox 884 2832 891 2871; x_wconf 75' lang='grc' dir='ltr'><strong>ε</strong></span> <span class='ocrx_word' id='word_1_167' title='bbox 921 2813 959 2871; x_wconf 86' lang='lat' dir='ltr'><strong>Et</strong></span> <span class='ocrx_word' id='word_1_168' title='bbox 987 2829 1022 2872; x_wconf 92' lang='lat' dir='ltr'><strong>ne</strong></span> <span class='ocrx_word' id='word_1_169' title='bbox 1051 2814 1180 2873; x_wconf 88' lang='lat' dir='ltr'><strong>timueris</strong></span> <span class='ocrx_word' id='word_1_170' title='bbox 1210 2814 1246 2872; x_wconf 84' lang='lat' dir='ltr'><strong>ab</strong></span> <span class='ocrx_word' id='word_1_171' title='bbox 1269 2816 1310 2873; x_wconf 86' lang='lat' dir='ltr'><strong>eis</strong></span> <span class='ocrx_word' id='word_1_172' title='bbox 1333 2831 1460 2889; x_wconf 79' lang='lat' dir='ltr'><strong>nequem</strong></span> 
     </span>
    </p>
   </div>
   <div class='ocr_carea' id='block_1_7' title="bbox 242 3016 1461 3607">
    <p class='ocr_par' dir='ltr' id='par_1_8' title="bbox 242 3016 1425 3263">
     <span class='ocr_line' id='line_1_22' title="bbox 242 3016 1425 3102; baseline 0.002 -25"><span class='ocrx_word' id='word_1_173' title='bbox 242 3044 266 3102; x_wconf 80' lang='grc' dir='ltr'><strong><em>μ</em></strong></span> <span class='ocrx_word' id='word_1_174' title='bbox 294 3020 352 3087; x_wconf 86' lang='lat' dir='ltr'><strong>uie,</strong></span> <span class='ocrx_word' id='word_1_175' title='bbox 385 3018 429 3076; x_wconf 90' lang='lat' dir='ltr'><strong>leo</strong></span> <span class='ocrx_word' id='word_1_176' title='bbox 461 3019 491 3076; x_wconf 91' lang='lat' dir='ltr'><strong>in</strong></span> <span class='ocrx_word' id='word_1_177' title='bbox 524 3018 675 3077; x_wconf 82' lang='lat' dir='ltr'><strong>itineribus</strong></span> <span class='ocrx_word' id='word_1_178' title='bbox 703 3036 815 3092; x_wconf 85' lang='lat' dir='ltr'><strong>usqne</strong></span> <span class='ocrx_word' id='word_1_179' title='bbox 845 3018 1001 3093; x_wconf 78' lang='lat' dir='ltr'><strong>sapientior</strong></span> <span class='ocrx_word' id='word_1_180' title='bbox 1029 3019 1085 3079; x_wconf 89' lang='lat' dir='ltr'><strong>sibi</strong></span> <span class='ocrx_word' id='word_1_181' title='bbox 1115 3018 1196 3093; x_wconf 84' lang='lat' dir='ltr'><strong>piger</strong></span> <span class='ocrx_word' id='word_1_182' title='bbox 1218 3016 1340 3077; x_wconf 85' lang='lat' dir='ltr'><strong>uidetur.</strong></span> <span class='ocrx_word' id='word_1_183' title='bbox 1385 3021 1425 3079; x_wconf 93' lang='lat' dir='ltr'><strong>In</strong></span> 
     </span>
     <span class='ocr_line' id='line_1_23' title="bbox 294 3103 1425 3179; baseline 0.001 -16"><span class='ocrx_word' id='word_1_184' title='bbox 294 3103 556 3163; x_wconf 84' lang='lat' dir='ltr'><strong>ecclesiastico</strong></span> <span class='ocrx_word' id='word_1_185' title='bbox 580 3122 651 3179; x_wconf 81' lang='lat' dir='ltr'><strong>cup.</strong></span> <span class='ocrx_word' id='word_1_186' title='bbox 668 3104 722 3162; x_wconf 89' lang='lat' dir='ltr'>XI:</span> <span class='ocrx_word' id='word_1_187' title='bbox 745 3105 779 3163; x_wconf 89' lang='lat' dir='ltr'><strong>In</strong></span> <span class='ocrx_word' id='word_1_188' title='bbox 794 3104 888 3179; x_wconf 84' lang='lat' dir='ltr'><strong>lepide</strong></span> <span class='ocrx_word' id='word_1_189' title='bbox 902 3104 978 3163; x_wconf 90' lang='lat' dir='ltr'><strong>luteo</strong></span> <span class='ocrx_word' id='word_1_190' title='bbox 993 3104 1137 3179; x_wconf 79' lang='lat' dir='ltr'><strong>lapidatus</strong></span> <span class='ocrx_word' id='word_1_191' title='bbox 1153 3106 1197 3163; x_wconf 85' lang='lat' dir='ltr'><strong>eet</strong></span> <span class='ocrx_word' id='word_1_192' title='bbox 1211 3105 1293 3179; x_wconf 81' lang='lat' dir='ltr'><strong>pIger</strong></span> <span class='ocrx_word' id='word_1_193' title='bbox 1307 3122 1425 3179; x_wconf 79' lang='lat' dir='ltr'><strong>usquc</strong></span> 
     </span>
     <span class='ocr_line' id='line_1_24' title="bbox 295 3188 856 3263; baseline 0.002 -15"><span class='ocrx_word' id='word_1_194' title='bbox 295 3190 343 3263; x_wconf 91' lang='lat' dir='ltr'><strong>qui</strong></span> <span class='ocrx_word' id='word_1_195' title='bbox 365 3188 493 3262; x_wconf 77' lang='lat' dir='ltr'><strong>tetigerit</strong></span> <span class='ocrx_word' id='word_1_196' title='bbox 514 3206 577 3248; x_wconf 91' lang='lat' dir='ltr'><strong>enm</strong></span> <span class='ocrx_word' id='word_1_197' title='bbox 604 3190 724 3249; x_wconf 82' lang='lat' dir='ltr'><strong>excutiet</strong></span> <span class='ocrx_word' id='word_1_198' title='bbox 745 3208 856 3249; x_wconf 84' lang='lat' dir='ltr'><strong>menne.</strong></span> 
     </span>
    </p>

    <p class='ocr_par' dir='ltr' id='par_1_9' title="bbox 294 3274 1461 3607">
     <span class='ocr_line' id='line_1_25' title="bbox 337 3274 1425 3337; baseline -0.001 -2"><span class='ocrx_word' id='word_1_199' title='bbox 337 3274 499 3335; x_wconf 85' lang='lat' dir='ltr'>LXXXVII.</span> <span class='ocrx_word' id='word_1_200' title='bbox 529 3296 599 3336; x_wconf 84' lang='lat' dir='ltr'><strong>emn</strong></span> <span class='ocrx_word' id='word_1_201' title='bbox 621 3294 741 3337; x_wconf 79' lang='lat' dir='ltr'><strong>mnonrr</strong></span> <span class='ocrx_word' id='word_1_202' title='bbox 763 3296 916 3337; x_wconf 69' lang='lat' dir='ltr'><strong>nomnium</strong></span> <span class='ocrx_word' id='word_1_203' title='bbox 939 3296 1094 3337; x_wconf 74' lang='lat' dir='ltr'><strong>mnnnnun</strong></span> <span class='ocrx_word' id='word_1_204' title='bbox 1116 3296 1169 3337; x_wconf 81' lang='lat' dir='ltr'><strong>nm</strong></span> <span class='ocrx_word' id='word_1_205' title='bbox 1191 3295 1425 3337; x_wconf 70' lang='lat' dir='ltr'><strong>ennumcen&#39;nn.</strong></span> 
     </span>
     <span class='ocr_line' id='line_1_26' title="bbox 294 3360 1461 3435; baseline -0.001 -15"><span class='ocrx_word' id='word_1_206' title='bbox 294 3362 336 3421; x_wconf 92' lang='lat' dir='ltr'><strong>In</strong></span> <span class='ocrx_word' id='word_1_207' title='bbox 364 3361 506 3419; x_wconf 80' lang='lat' dir='ltr'><strong>enochi}</strong></span> <span class='ocrx_word' id='word_1_208' title='bbox 534 3378 607 3435; x_wconf 83' lang='lat' dir='ltr'><strong>cap.</strong></span> <span class='ocrx_word' id='word_1_209' title='bbox 712 3381 718 3418; x_wconf 91' lang='lat'><strong>:</strong></span> <span class='ocrx_word' id='word_1_210' title='bbox 753 3362 797 3420; x_wconf 86' lang='lat' dir='ltr'><strong>Tn</strong></span> <span class='ocrx_word' id='word_1_211' title='bbox 830 3378 907 3435; x_wconf 85' lang='lat' dir='ltr'><strong>ergo,</strong></span> <span class='ocrx_word' id='word_1_212' title='bbox 941 3360 982 3420; x_wconf 88' lang='lat' dir='ltr'><strong>fili</strong></span> <span class='ocrx_word' id='word_1_213' title='bbox 1010 3361 1143 3431; x_wconf 83' lang='lat' dir='ltr'><strong>homiuie,</strong></span> <span class='ocrx_word' id='word_1_214' title='bbox 1177 3378 1212 3420; x_wconf 92' lang='lat' dir='ltr'><strong>ne</strong></span> <span class='ocrx_word' id='word_1_215' title='bbox 1242 3361 1343 3421; x_wconf 81' lang='lat' dir='ltr'><strong>ilmeae</strong></span> <span class='ocrx_word' id='word_1_216' title='bbox 1377 3380 1461 3421; x_wconf 70' lang='lat' dir='ltr'><strong>eosee</strong></span> 
     </span>
     <span class='ocr_line' id='line_1_27' title="bbox 294 3447 1426 3522; baseline 0.002 -17"><span class='ocrx_word' id='word_1_217' title='bbox 294 3464 385 3521; x_wconf 88' lang='lat' dir='ltr'><strong>neque</strong></span> <span class='ocrx_word' id='word_1_218' title='bbox 408 3463 551 3506; x_wconf 75' lang='lat' dir='ltr'><strong>sermones</strong></span> <span class='ocrx_word' id='word_1_219' title='bbox 573 3463 668 3506; x_wconf 89' lang='lat' dir='ltr'><strong>eornm</strong></span> <span class='ocrx_word' id='word_1_220' title='bbox 690 3464 810 3521; x_wconf 87' lang='lat' dir='ltr'><strong>neque</strong></span> <span class='ocrx_word' id='word_1_221' title='bbox 833 3448 901 3521; x_wconf 84' lang='lat' dir='ltr'><strong>quie</strong></span> <span class='ocrx_word' id='word_1_222' title='bbox 922 3447 1020 3506; x_wconf 84' lang='lat' dir='ltr'><strong>domne</strong></span> <span class='ocrx_word' id='word_1_223' title='bbox 1044 3464 1214 3522; x_wconf 76' lang='lat' dir='ltr'><strong>exasperans</strong></span> <span class='ocrx_word' id='word_1_224' title='bbox 1236 3449 1290 3506; x_wconf 85' lang='lat' dir='ltr'><strong>eet.</strong></span> <span class='ocrx_word' id='word_1_225' title='bbox 1334 3448 1426 3507; x_wconf 90' lang='lat' dir='ltr'><strong>Item</strong></span> 
     </span>
     <span class='ocr_line' id='line_1_28' title="bbox 295 3532 1426 3607; baseline -0.001 -14"><span class='ocrx_word' id='word_1_226' title='bbox 295 3533 349 3593; x_wconf 92' lang='lat' dir='ltr'><strong>ibi</strong></span> <span class='ocrx_word' id='word_1_227' title='bbox 372 3550 446 3607; x_wconf 84' lang='lat' dir='ltr'><strong>cap.</strong></span> <span class='ocrx_word' id='word_1_228' title='bbox 535 3552 542 3589; x_wconf 92' lang='lat'>:</span> <span class='ocrx_word' id='word_1_229' title='bbox 570 3533 643 3592; x_wconf 85' lang='lat' dir='ltr'><strong>Ecce</strong></span> <span class='ocrx_word' id='word_1_230' title='bbox 665 3532 730 3592; x_wconf 75' lang='lat' dir='ltr'><strong>decli</strong></span> <span class='ocrx_word' id='word_1_231' title='bbox 752 3533 853 3591; x_wconf 85' lang='lat' dir='ltr'><strong>faeiem</strong></span> <span class='ocrx_word' id='word_1_232' title='bbox 875 3534 953 3592; x_wconf 88' lang='lat' dir='ltr'><strong>tuem</strong></span> <span class='ocrx_word' id='word_1_233' title='bbox 974 3532 1156 3593; x_wconf 82' lang='lat' dir='ltr'><strong>ualentiorem</strong></span> <span class='ocrx_word' id='word_1_234' title='bbox 1179 3532 1305 3593; x_wconf 79' lang='lat' dir='ltr'><strong>faciebus</strong></span> <span class='ocrx_word' id='word_1_235' title='bbox 1329 3549 1426 3593; x_wconf 88' lang='lat' dir='ltr'><strong>eorum</strong></span> 
     </span>
    </p>
   </div>
   <div class='ocr_carea' id='block_1_8' title="bbox 297 3731 1356 3871">
    <p class='ocr_par' dir='ltr' id='par_1_10' title="bbox 297 3731 1356 3871">
     <span class='ocr_line' id='line_1_29' title="bbox 356 3731 1356 3870; baseline 0.003 -86"><span class='ocrx_word' id='word_1_236' title='bbox 356 3816 374 3870; x_wconf 81' lang='lat' dir='ltr'>b</span> <span class='ocrx_word' id='word_1_237' title='bbox 400 3732 413 3784; x_wconf 92' lang='lat'>1</span> <span class='ocrx_word' id='word_1_238' title='bbox 437 3732 517 3787; x_wconf 81' lang='lat' dir='ltr'><strong>Eccli.</strong></span> <span class='ocrx_word' id='word_1_239' title='bbox 540 3731 583 3799; x_wconf 82' lang='lat'><strong>22,</strong></span> <span class='ocrx_word' id='word_1_240' title='bbox 609 3731 622 3785; x_wconf 93' lang='lat'>1</span> <span class='ocrx_word' id='word_1_241' title='bbox 643 3731 705 3785; x_wconf 86' lang='lat' dir='ltr'><strong>et2</strong></span> <span class='ocrx_word' id='word_1_242' title='bbox 808 3733 823 3784; x_wconf 80' lang='lat'><strong>7</strong></span> <span class='ocrx_word' id='word_1_243' title='bbox 847 3732 940 3787; x_wconf 77' lang='lat' dir='ltr'><strong>Erech.</strong></span> <span class='ocrx_word' id='word_1_244' title='bbox 963 3732 1023 3799; x_wconf 80' lang='lat'><strong>2,6</strong></span> <span class='ocrx_word' id='word_1_245' title='bbox 1125 3733 1157 3787; x_wconf 90' lang='grc'><strong>11</strong></span> <span class='ocrx_word' id='word_1_246' title='bbox 1181 3732 1274 3789; x_wconf 82' lang='lat' dir='ltr'><strong>lleech</strong></span> <span class='ocrx_word' id='word_1_247' title='bbox 1293 3733 1317 3801; x_wconf 86' lang='lat'><strong>3,</strong></span> <span class='ocrx_word' id='word_1_248' title='bbox 1339 3733 1356 3787; x_wconf 89' lang='lat'>8</span> 
     </span>
     <span class='ocr_line' id='line_1_30' title="bbox 297 3817 419 3871; baseline 0 0"><span class='ocrx_word' id='word_1_249' title='bbox 297 3817 329 3871; x_wconf 87' lang='grc'><strong>13</strong></span> <span class='ocrx_word' id='word_1_250' title='bbox 347 3818 357 3870; x_wconf 90' lang='lat' dir='ltr'><strong>i</strong></span> <span class='ocrx_word' id='word_1_251' title='bbox 377 3861 382 3871; x_wconf 96' lang='lat'><em>.</em></span> <span class='ocrx_word' id='word_1_252' title='bbox 402 3818 419 3871; x_wconf 84' lang='lat'>9</span> 
     </span>
    </p>
   </div>
   <div class='ocr_carea' id='block_1_9' title="bbox 297 4004 1432 4421">
    <p class='ocr_par' dir='ltr' id='par_1_11' title="bbox 297 4004 1432 4421">
     <span class='ocr_line' id='line_1_31' title="bbox 347 4004 1426 4075; baseline 0.005 -17"><span class='ocrx_word' id='word_1_253' title='bbox 347 4006 365 4058; x_wconf 89' lang='grc'>3</span> <span class='ocrx_word' id='word_1_254' title='bbox 388 4004 452 4075; x_wconf 78' lang='lat' dir='ltr'><strong>elue]</strong></span> <span class='ocrx_word' id='word_1_255' title='bbox 477 4006 501 4060; x_wconf 90' lang='lat' dir='ltr'><strong>ei</strong></span> <span class='ocrx_word' id='word_1_256' title='bbox 525 4006 548 4061; x_wconf 81' lang='lat' dir='ltr'><em>S</em></span> <span class='ocrx_word' id='word_1_257' title='bbox 647 4005 744 4059; x_wconf 90' lang='lat' dir='ltr'><strong>bouum</strong></span> <span class='ocrx_word' id='word_1_258' title='bbox 763 4006 801 4059; x_wconf 83' lang='lat' dir='ltr'><em>M</em></span> <span class='ocrx_word' id='word_1_259' title='bbox 902 4022 960 4060; x_wconf 86' lang='lat' dir='ltr'><strong>enm</strong></span> <span class='ocrx_word' id='word_1_260' title='bbox 979 4006 1106 4061; x_wconf 81' lang='lat' dir='ltr'>MVLGo</span> <span class='ocrx_word' id='word_1_261' title='bbox 1209 4008 1224 4059; x_wconf 81' lang='lat'><strong>7</strong></span> <span class='ocrx_word' id='word_1_262' title='bbox 1248 4008 1377 4063; x_wconf 75' lang='lat' dir='ltr'><strong>conuehiel</strong></span> <span class='ocrx_word' id='word_1_263' title='bbox 1397 4008 1426 4071; x_wconf 75' lang='lat'><strong>3,</strong></span> 
     </span>
     <span class='ocr_line' id='line_1_32' title="bbox 297 4090 1432 4161; baseline 0.004 -14"><span class='ocrx_word' id='word_1_264' title='bbox 297 4091 444 4147; x_wconf 76' lang='lat' dir='ltr'><strong>ezechihelo</strong></span> <span class='ocrx_word' id='word_1_265' title='bbox 462 4092 509 4159; x_wconf 75' lang='lat' dir='ltr'><strong>M,</strong></span> <span class='ocrx_word' id='word_1_266' title='bbox 540 4090 668 4146; x_wconf 73' lang='lat' dir='ltr'><strong>moehlelo</strong></span> <span class='ocrx_word' id='word_1_267' title='bbox 692 4093 721 4159; x_wconf 86' lang='lat' dir='ltr'><strong>V,</strong></span> <span class='ocrx_word' id='word_1_268' title='bbox 751 4091 871 4145; x_wconf 86' lang='lat' dir='ltr'><strong>hiezechl</strong></span> <span class='ocrx_word' id='word_1_269' title='bbox 889 4091 927 4160; x_wconf 86' lang='lat' dir='ltr'><strong>L,</strong></span> <span class='ocrx_word' id='word_1_270' title='bbox 957 4090 1087 4146; x_wconf 79' lang='lat' dir='ltr'><strong>iezechG</strong></span> <span class='ocrx_word' id='word_1_271' title='bbox 1184 4092 1275 4161; x_wconf 86' lang='lat' dir='ltr'><strong>proph.</strong></span> <span class='ocrx_word' id='word_1_272' title='bbox 1293 4110 1344 4149; x_wconf 74' lang='lat' dir='ltr'><strong>one</strong></span> <span class='ocrx_word' id='word_1_273' title='bbox 1364 4095 1432 4151; x_wconf 72' lang='lat' dir='ltr'><strong>MV</strong></span> 
     </span>
     <span class='ocr_line' id='line_1_33' title="bbox 297 4176 1426 4246; baseline 0.002 -15"><span class='ocrx_word' id='word_1_274' title='bbox 297 4177 348 4232; x_wconf 83' lang='lat' dir='ltr'><strong>LO</strong></span> <span class='ocrx_word' id='word_1_275' title='bbox 449 4176 465 4231; x_wconf 92' lang='lat'>8</span> <span class='ocrx_word' id='word_1_276' title='bbox 489 4176 575 4232; x_wconf 76' lang='lat' dir='ltr'><strong>iueiee</strong></span> <span class='ocrx_word' id='word_1_277' title='bbox 600 4177 624 4231; x_wconf 84' lang='lat' dir='ltr'><em>S</em></span> <span class='ocrx_word' id='word_1_278' title='bbox 645 4180 682 4246; x_wconf 87' lang='lat' dir='ltr'><strong>(et</strong></span> <span class='ocrx_word' id='word_1_279' title='bbox 701 4179 742 4232; x_wconf 80' lang='lat' dir='ltr'><strong>eie</strong></span> <span class='ocrx_word' id='word_1_280' title='bbox 759 4178 842 4244; x_wconf 77' lang='lat' dir='ltr'><strong>infra</strong></span> <span class='ocrx_word' id='word_1_281' title='bbox 860 4178 913 4246; x_wconf 83' lang='lat' dir='ltr'><strong>bie)</strong></span> <span class='ocrx_word' id='word_1_282' title='bbox 1020 4178 1053 4231; x_wconf 90' lang='lat'><strong>10</strong></span> <span class='ocrx_word' id='word_1_283' title='bbox 1076 4176 1143 4231; x_wconf 90' lang='lat' dir='ltr'><strong>Item</strong></span> <span class='ocrx_word' id='word_1_284' title='bbox 1161 4206 1193 4215; x_wconf 86' lang='lat'><em>—</em></span> <span class='ocrx_word' id='word_1_285' title='bbox 1212 4178 1374 4235; x_wconf 79' lang='lat' dir='ltr'><strong>Ecce-Iit</strong></span> <span class='ocrx_word' id='word_1_286' title='bbox 1391 4212 1426 4221; x_wconf 89' lang='lat'>—</span> 
     </span>
     <span class='ocr_line' id='line_1_34' title="bbox 297 4264 1427 4335; baseline 0.002 -16"><span class='ocrx_word' id='word_1_287' title='bbox 297 4267 339 4319; x_wconf 82' lang='lat' dir='ltr'><strong>eet</strong></span> <span class='ocrx_word' id='word_1_288' title='bbox 355 4264 423 4318; x_wconf 86' lang='lat' dir='ltr'><strong>Item</strong></span> <span class='ocrx_word' id='word_1_289' title='bbox 442 4280 492 4319; x_wconf 84' lang='lat' dir='ltr'><strong>om.</strong></span> <span class='ocrx_word' id='word_1_290' title='bbox 515 4266 543 4319; x_wconf 87' lang='lat' dir='ltr'>V</span> <span class='ocrx_word' id='word_1_291' title='bbox 640 4264 669 4319; x_wconf 89' lang='lat'><strong>11</strong></span> <span class='ocrx_word' id='word_1_292' title='bbox 690 4264 736 4318; x_wconf 92' lang='lat' dir='ltr'><strong>ubi</strong></span> <span class='ocrx_word' id='word_1_293' title='bbox 754 4281 833 4334; x_wconf 79' lang='lat' dir='ltr'><strong>cupre</strong></span> <span class='ocrx_word' id='word_1_294' title='bbox 851 4265 940 4319; x_wconf 84' lang='lat' dir='ltr'><strong>MLC</strong></span> <span class='ocrx_word' id='word_1_295' title='bbox 1041 4264 1073 4317; x_wconf 81' lang='lat'><strong>13</strong></span> <span class='ocrx_word' id='word_1_296' title='bbox 1091 4267 1181 4335; x_wconf 89' lang='lat' dir='ltr'><strong>petree</strong></span> <span class='ocrx_word' id='word_1_297' title='bbox 1198 4265 1226 4319; x_wconf 83' lang='lat' dir='ltr'>L</span> <span class='ocrx_word' id='word_1_298' title='bbox 1323 4266 1353 4321; x_wconf 92' lang='lat' dir='ltr'><strong>in</strong></span> <span class='ocrx_word' id='word_1_299' title='bbox 1371 4284 1427 4321; x_wconf 84' lang='lat' dir='ltr'><strong>eze-</strong></span> 
     </span>
     <span class='ocr_line' id='line_1_35' title="bbox 298 4348 848 4421; baseline 0.004 -18"><span class='ocrx_word' id='word_1_300' title='bbox 298 4348 366 4403; x_wconf 89' lang='lat' dir='ltr'><strong>chiel</strong></span> <span class='ocrx_word' id='word_1_301' title='bbox 385 4349 446 4418; x_wconf 85' lang='lat' dir='ltr'><strong>(iez-</strong></span> <span class='ocrx_word' id='word_1_302' title='bbox 468 4351 497 4413; x_wconf 85' lang='lat' dir='ltr'><strong>C,</strong></span> <span class='ocrx_word' id='word_1_303' title='bbox 528 4349 686 4405; x_wconf 75' lang='lat' dir='ltr'><strong>hiezechiele</strong></span> <span class='ocrx_word' id='word_1_304' title='bbox 705 4350 742 4421; x_wconf 83' lang='lat' dir='ltr'><strong>L)</strong></span> <span class='ocrx_word' id='word_1_305' title='bbox 760 4351 848 4405; x_wconf 78' lang='lat' dir='ltr'><strong>Mne</strong></span> 
     </span>
    </p>
   </div>
   <div class='ocr_carea' id='block_1_10' title="bbox 0 0 1598 4964">
    <p class='ocr_par' dir='ltr' id='par_1_12' title="bbox 0 0 1598 4964">
     <span class='ocr_line' id='line_1_36' title="bbox 0 0 1598 4964; baseline 0 0"><span class='ocrx_word' id='word_1_306' title='bbox 0 0 1598 4964; x_wconf 95' lang='lat' dir='ltr'><strong> </strong></span> 
     </span>
    </p>
   </div>
  </div>
 </body>
</html>
