3159 4967
311 408 377 477 600
535 408 581 463 De
599 406 729 461 diuini·
748 408 929 476 scripturis
946 408 1018 462 siue
1038 408 1220 477 Speculum.

312 599 413 662 ltem
441 597 549 663 illie:
582 596 743 663 Harenam
774 598 807 661 et
836 596 884 661 sal
914 598 947 660 et
967 616 1106 662 massam
1135 597 1210 663 ferri
1240 598 1368 663 facilins
1398 600 1446 663 est

312 704 439 785 portare
469 720 563 783 quam
594 701 751 765 hominem
780 699 1000 783 inprudentem
1031 701 1064 765 et
1092 700 1214 765 fatuum
1240 702 1273 765 et
1301 702 1442 784 impium.

312 805 411 869 Item
432 803 538 868 illie:
570 803 714 868 Amictus
737 802 876 885 corporis
900 803 932 866 et
953 803 1036 867 meus
1059 802 1201 868 dentium
1227 804 1259 869 et
1281 803 1443 887 ingressus

313 907 448 973 hominis
479 906 643 972 denuntiat
672 906 712 971 de
743 906 808 971 illc.
854 906 953 971 Item
990 906 1096 970 illic:
1135 906 1327 972 Praecordia
1366 908 1443 971 latui
1544 910 1546 915 '

313 1011 404 1093 quasi
432 1011 504 1075 rota
533 1010 624 1089 carri,
655 1011 687 1073 et
717 1008 807 1091 quasi
839 1009 905 1073 axis
936 1008 1095 1073 uersatilis
1122 1010 1281 1093 cogitatus
1305 1011 1344 1074 ab
1368 1009 1477 1073 illis:

313 1114 413 1177 Item
442 1114 546 1179 illic:
578 1113 771 1196 Sapientiam
801 1112 855 1196 qui
886 1112 980 1177 docet
1008 1112 1130 1176 fatuum
1161 1114 1250 1194 quasi
1281 1112 1336 1195 qni
1369 1131 1442 1177 eon-

311 1217 450 1301 glutinat
478 1218 603 1283 testam.
650 1218 749 1282 Item
779 1215 886 1281 illic:
918 1216 1064 1281 Narratio
1094 1216 1172 1281 fatui
1203 1216 1293 1298 quasi
1318 1214 1443 1279 sarcina

311 1319 342 1384 in
367 1321 429 1386 uia.
469 1320 688 1387 Contribrrlant
709 1320 813 1384 minae
836 1338 890 1383 cor
915 1319 1081 1401 sapientis:
1112 1317 1228 1383 stultns
1252 1320 1359 1383 autem
1384 1318 1441 1381 lla-

312 1424 451 1507 gellatur
480 1425 513 1487 et
541 1443 602 1488 non
631 1422 737 1487 sentit
776 1422 838 1503 Qui
869 1421 963 1487 doeet
991 1440 1122 1504 puerum
1153 1422 1295 1491 stultum.
1328 1422 1442 1486 contu·

310 1527 439 1591 meliam
476 1526 555 1591 lacit
591 1524 753 1608 aequitati.
799 1525 899 1589 Item
936 1524 971 1589 in
1008 1525 1262 1606 prouerbiis:
1301 1526 1338 1589 In
1377 1524 1476 1592 risun

312 1629 430 1695 stultns
453 1628 520 1712 agit
540 1630 669 1694 nefaria
714 1629 813 1693 Item
836 1628 945 1693 illie:
973 1626 1018 1692 lix
1042 1647 1094 1694 ore
1117 1628 1285 1693 stultorum
1308 1628 1441 1694 baculus

311 1732 534 1811 contumeliae,
563 1732 649 1797 labia
679 1734 785 1797 autem
815 1730 1004 1813 sapientium
1027 1731 1209 1797 custodiunt
1233 1750 1296 1797 eos.
1344 1732 1442 1796 Item

311 1836 419 1900 illic:
444 1834 557 1900 Omnia
579 1834 737 1899 contraria
759 1835 834 1899 sunt
854 1834 923 1899 uiro
946 1834 1114 1916 insipienti,
1139 1853 1327 1899 armauere
1350 1835 1440 1899 intel-

310 1938 415 2003 lectus
437 1938 524 2003 labia
546 1938 728 2020 sapientiae.
772 1938 874 2001 Item
908 1936 1013 2001 illie:
1050 1936 1181 2021 Sapiens
1210 1938 1354 2002 timendo
1386 1938 1440 2001 de-

131 2130 134 2135 ·
259 2134 281 2174 α
313 2118 450 2176 doctrina.
503 2117 594 2175 Item
628 2134 701 2191 cap.
731 2116 788 2175 XI:
822 2116 943 2175 trenam
975 2119 1003 2175 et
1036 2117 1124 2177 salem
1155 2120 1183 2177 et
1217 2134 1344 2177 massam
1379 2117 1472 2176 terris

312 2203 428 2263 facilius
450 2205 495 2263 est
515 2204 628 2276 portare
650 2219 735 2276 quam
755 2202 897 2261 homiuem
919 2202 1124 2276 Inprudeutem.
1169 2203 1208 2261 In
1231 2204 1439 2277 prouerbiis
1545 2276 1546 2279 Ἴ

312 2306 386 2364 cap.
475 2308 482 2346 ι
517 2288 636 2364 Sapiens
670 2287 793 2346 tImendo
827 2288 949 2347 declinat
978 2304 996 2345 a
1027 2288 1109 2359 malo,
1144 2288 1249 2347 stultus
1281 2305 1361 2347 uero.
1405 2289 1440 2345 In

258 2461 283 2520 μ
311 2444 454 2505 latuomm
487 2460 534 2503 eor
567 2444 677 2503 illomm
706 2445 735 2502 et
764 2444 795 2503 In
824 2443 905 2503 eorde
936 2444 1106 2519 sapientium
1128 2460 1159 2503 os
1189 2444 1309 2503 illomm.
1356 2446 1439 2503 Item

312 2547 388 2606 cap.
412 2530 468 2589 XI:
502 2530 646 2590 Harenam
674 2530 704 2588 et
732 2530 821 2589 salem
848 2530 876 2588 et
898 2546 1021 2589 massam
1056 2530 1123 2589 ferri
1155 2547 1268 2603 usque
1301 2528 1440 2589 Istumst

311 2617 438 2691 impium.
483 2617 575 2675 Item
596 2633 668 2689 cap.
691 2615 745 2673 XI:
778 2615 906 2674 Amictns
941 2616 1065 2690 corporis
1094 2618 1122 2675 et
1154 2614 1230 2674 risus
1261 2615 1387 2675 dentium
1415 2616 1470 2671 ete

311 2702 463 2776 ingressus
491 2702 615 2761 hominis
643 2702 794 2761 enuntiant
824 2700 857 2761 de
887 2701 945 2761 illo.
989 2702 1081 2761 Item
1107 2718 1180 2775 cap.
1203 2700 1325 2761 XVIIII:
1358 2702 1438 2761 Prae-

312 2787 408 2847 cordia
436 2788 508 2847 latui
538 2788 620 2863 quasi
645 2788 709 2846 rota
729 2787 802 2847 carri
825 2804 937 2861 usque
961 2788 1103 2862 cogitatus
1126 2786 1214 2847 illius.
1258 2788 1347 2845 Item
1371 2804 1437 2859 cap.

311 2874 367 2933 XI:
397 2874 453 2945 Qui
482 2874 564 2932 docet
593 2873 703 2931 fatuum
725 2871 808 2946 quasi
830 2873 879 2946 qni
901 2873 1078 2945 conglutinat
1099 2874 1211 2932 testam.
1255 2872 1344 2931 Item
1370 2889 1437 2945 cap.

310 2959 366 3019 XI:
396 2960 528 3018 Narratio
557 2959 631 3018 latui
661 2959 743 3033 qnasi
766 2958 879 3017 sarcina
900 2959 930 3017 in
952 2959 1001 3018 uia
1021 2976 1133 3033 usque
1157 2958 1354 3017 contumeliam
1377 2957 1439 3016 lacit

311 3044 457 3118 aequitati.
496 3046 533 3103 ln
557 3044 767 3119 prouerbiis
790 3061 864 3117 cap.
955 3063 962 3101 ε
984 3045 1018 3103 In
1040 3044 1101 3103 risu
1123 3044 1228 3103 stultus
1244 3045 1307 3117 agit
1323 3043 1468 3102 nefarias

311 3131 400 3189 Item
422 3147 496 3204 cap.
519 3130 619 3189 XIIII:
642 3131 676 3189 ln
698 3146 744 3189 ore
767 3129 849 3187 stulti
870 3130 955 3204 uirga
977 3131 1134 3203 superbiae,
1157 3130 1235 3188 labia
1249 3132 1343 3189 autem
1368 3128 1437 3203 sapi·

311 3216 418 3275 entium
451 3216 613 3280 custodIunt
645 3231 703 3274 eos.
746 3216 838 3274 Item
872 3232 947 3290 cap.
978 3216 1076 3275 XIIII:
1110 3215 1186 3277 Vade
1220 3218 1319 3273 contra
1351 3216 1438 3273 uirum

312 3301 430 3361 stultum
463 3304 492 3361 et
524 3302 618 3361 nescit
648 3301 726 3359 labia
758 3300 934 3375 prudentiae.
978 3302 1065 3361 Item
1095 3318 1166 3375 cap.
1191 3300 1287 3361 XIIII:
1322 3300 1438 3376 Sapiens

414 3482 521 3537 lilecli.
534 3482 575 3547 22,
589 3483 621 3536 15
634 3482 690 3551 (18)
764 3482 872 3537 3lIeeli.
886 3481 1038 3551 19,30(21)
1112 3480 1375 3551 4Εοο1136(33),5
1544 3510 1545 3551 p

310 3566 424 3623 dilecti
442 3566 519 3631 227
614 3567 913 3635 1Εοο11.21,16)19)
1008 3566 1119 3622 8Pron.
1139 3569 1180 3637 ll,
1199 3568 1233 3621 10
1329 3567 1436 3621 9Pron
1544 3564 1545 3587 ¹

310 3653 365 3717 at
447 3652 669 3722 loreolam
756 3655 788 3708 11
801 3654 878 3709 Prou.
892 3654 962 3723 14,3
1049 3653 1081 3707 13
1093 3652 1158 3708 iti
1246 3654 1279 3707 14
1290 3652 1327 3709 ib.
1341 3654 1374 3709 16

363 3827 378 3880 1
396 3826 443 3880 ubi
460 3840 538 3894 supra
556 3824 645 3879 MLO
661 3824 722 3892 (liae.
741 3828 767 3879 3.
785 3828 810 3878 6.
832 3826 858 3892 7)
954 3838 1061 3877 arenam
1079 3826 1138 3890 (-na
1156 3823 1191 3889 L)
1214 3823 1265 3878 Vn
1358 3824 1436 3877 salem

315 3912 363 3967 (Fu
461 3910 785 3966 illtem—Amietus-
798 3910 847 3963 lia.
865 3914 901 3964 14
918 3908 1066 3979 sapientiae
1083 3908 1151 3963 Item
1169 3922 1219 3963 om.
1242 3906 1268 3961 V
1364 3905 1438 3959 lde

309 4000 419 4054 nuntiet
435 3998 507 4062 ML,
534 3998 657 4051 enuntiat
675 3995 865 4061 Slenuntiant
882 3996 918 4065 a),
946 3994 1048 4049 indIcat
1066 3994 1096 4057 0,
1124 3994 1276 4060 mamone
1355 3994 1384 4047 tn
1402 4006 1436 4045 ec-

311 4085 461 4141 clesiastico
478 4084 569 4139 MLG
659 4082 796 4153 precordia
814 4083 869 4138 LO
970 4082 986 4133 5
1004 4096 1069 4151 quaa
1086 4080 1154 4133 iaris
1173 4080 1196 4135 S
1290 4078 1324 4132 ab
1343 4076 1436 4143 illisS,

309 4168 381 4224 illius
404 4170 507 4225 MLCe
608 4170 625 4223 6
648 4168 813 4237 conglutinet
833 4169 905 4221 testa
927 4166 989 4221 ML
1092 4164 1110 4220 8
1132 4165 1282 4235 flagelletur
1300 4168 1328 4218 et
1345 4162 1438 4218 Meo:

308 4255 429 4324 flagellat
445 4254 518 4310 uec
607 4255 639 4309 10
658 4254 769 4324 equIteti
788 4254 812 4309 S
901 4250 931 4305 ll
952 4252 1051 4320 nelarie
1070 4251 1172 4321 agito
1256 4250 1319 4321 illic]
1339 4250 1367 4303 In
1385 4262 1437 4319 pro
1543 4262 1544 4287 l

307 4339 407 4395 uerene
425 4341 511 4396 ntro
528 4341 589 4409 (cie
607 4346 649 4395 re.
668 4344 714 4409 14)
1302 4383 1307 4392 .
1459 4326 1464 4339 ’
