3159 4967
635 467 817 537 Speculum.

689 653 773 738 XX.

542 817 585 860 DE
607 818 700 860 12113130
723 818 910 860 maumas.

205 947 322 1012 Audite
342 947 476 1012 uerbum
500 947 626 1026 domini,
651 947 763 1013 domus
785 949 882 1013 Iacob
907 949 939 1013 et
962 966 1070 1013 omnes
1086 948 1294 1032 cognationes

162 1051 275 1117 domus
296 1052 428 1118 Israhel.
474 1053 552 1117 haec
576 1050 655 1115 dicit
677 1050 839 1117 dominus:
870 1051 947 1134 quid
975 1051 1162 1116 inuenerunt
1182 1052 1291 1134 patres

134 1154 260 1219 rnestri
281 1155 314 1219 in
335 1173 388 1219 me
409 1154 596 1236 iniquitatis,
620 1154 695 1236 quia
717 1154 947 1237 elongaremnt
970 1171 988 1218 a
1009 1173 1060 1218 me
1090 1153 1121 1218 et
1144 1154 1289 1220 ambula·

160 1256 274 1322 uerunt
288 1257 360 1340 post
374 1255 549 1321 uanitatem
565 1256 598 1320 et
610 1254 684 1320 uani
699 1254 775 1320 facti
791 1256 886 1321 sunt?
912 1255 959 1320 Et
980 1255 1068 1338 pest
1082 1256 1111 1321 X
1127 1275 1289 1323 uersus:

159 1359 380 1425 Hereditatem
406 1376 511 1423 meam
539 1355 689 1439 posuistis
715 1355 748 1421 in
779 1356 1054 1422 abominationem.
1107 1358 1291 1425 sacerdotes

159 1483 220 1529 non
243 1462 402 1527 dixerunt:
427 1461 480 1527 ubi
504 1461 553 1526 est
576 1459 744 1525 dominus?
782 1459 815 1525 et
828 1459 972 1526 tenentes
987 1460 1092 1544 legem
1108 1461 1288 1528 nescierunt

157 1585 220 1646 me,
244 1567 277 1630 et
296 1565 441 1648 pastores
462 1563 674 1646 praeuaricati
703 1563 776 1627 sunt
803 1562 835 1626 in
864 1582 926 1642 me,
957 1562 989 1627 et
1018 1563 1189 1646 prophetae
1211 1581 1286 1646 pro-

118 1669 368 1753 rophetsuernnt
389 1667 421 1732 in
443 1667 545 1733 Bahal
568 1667 600 1731 et
620 1666 708 1731 idola
728 1665 831 1731 secuti
846 1667 927 1732 sunt.
973 1666 1021 1730 st
1042 1666 1158 1748 paulo
1180 1665 1287 1748 post:

156 1772 319 1855 Numquid
352 1771 550 1837 obliuiscitnr
583 1770 675 1853 uirgo
708 1771 884 1836 ornamenti
917 1770 982 1848 sui,
1021 1787 1136 1852 sponsa
1167 1767 1289 1834 fasciae

156 1875 327 1958 pectoralis
349 1878 448 1941 suae?
473 1873 624 1984 ,populus
646 1892 721 1938 uero
742 1892 834 1938 meus
862 1873 978 1939 oblitus
1007 1872 1055 1938 est
1083 1871 1146 1938 mei
1175 1871 1288 1938 diebus

156 1976 338 2042 innumeris
390 1976 466 2059 quid
502 1975 613 2040 niteris
646 1976 761 2041 bonam
798 1976 963 2042 ostendere
1001 1976 1086 2042 uiam
1123 1976 1212 2042 tuam
1245 1975 1285 2040 ad

156 2079 370 2162 quaerendam
385 2076 597 2156 dilectionem,
621 2096 702 2160 quac
715 2078 845 2161 insuper
860 2079 893 2142 et
907 2079 1046 2144 malitias
1060 2080 1133 2144 tuas
1150 2077 1286 2144 docuisti

116 2181 342 2259 maiestras,
379 2181 412 2245 et
441 2180 474 2244 in
507 2180 566 2245 alis
598 2181 663 2246 tuis
691 2181 839 2248 inuentus
868 2183 918 2248 est
951 2183 1079 2267 sanguis
1110 2182 1284 2248 animarum

154 2302 328 2369 pauperum
351 2283 384 2349 et
403 2283 639 2350 innocentium?
681 2284 797 2349 nonin
824 2283 917 2350 fossis
939 2285 1045 2352 inueni
1074 2304 1137 2362 eos,
1168 2285 1226 2352 sed
1253 2285 1285 2350 in

155 2387 299 2452 omnibus
322 2405 403 2470 qnae
426 2405 522 2469 supra
541 2385 724 2450 memoraui.
770 2386 803 2451 et
826 2386 947 2453 dixisti:
971 2388 1089 2469 absque
1104 2386 1236 2469 peccato
1253 2386 1286 2450 et

153 2491 303 2557 innocens
327 2508 386 2574 ego
409 2509 490 2569 sum
525 2489 557 2553 et
582 2488 750 2571 propterea
778 2490 940 2554 scortator
970 2489 1055 2555 firror
1076 2490 1151 2554 tuus
1176 2506 1194 2553 a
1215 2489 1285 2552 mei

155 2611 231 2658 ecee
259 2611 318 2677 ego
346 2592 465 2659 iudicio
495 2591 685 2658 contendam
711 2593 834 2672 tecum,
871 2611 907 2658 eo
942 2592 1026 2676 quod
1056 2593 1187 2658 dixeris:
1221 2611 1282 2657 non

113 2697 297 2780 opsecani.
341 2714 436 2780 quarn
458 2695 533 2761 nilis
557 2715 591 2762 es
612 2696 700 2760 facta
720 2695 814 2760 nimis
836 2695 955 2760 iterans
976 2696 1047 2761 uias
1068 2697 1156 2762 tussi
1188 2695 1221 2758 et
1243 2695 1283 2759 ab

154 2801 299 2885 Aegypto
322 2799 533 2878 confunderis,
558 2799 641 2864 deut
661 2797 793 2863 confusa
814 2817 848 2864 es
873 2800 911 2865 ab
934 2797 1042 2864 Assur.
1087 2815 1159 2862 nam
1188 2797 1221 2862 ct
1243 2796 1284 2862 ab

151 2903 216 2969 ista
231 2903 403 2986 egredieris
420 2903 453 2968 et
465 2921 579 2968 manus
592 2904 668 2967 tuae
685 2902 776 2967 erunt
790 2920 884 2984 super
899 2901 1111 2984 sanctinum,
1136 2900 1282 2983 quoniam

153 3005 284 3072 obtriuit
306 3004 452 3072 dominus
474 3004 696 3070 confidentiam
718 3004 815 3070 tuam.
859 3004 907 3070 Et
928 3004 1046 3087 paulo
1068 3003 1172 3086 post:
1197 3001 1287 3070 Con--

152 3108 322 3187 domimini,
344 3107 413 3186 filii,
435 3108 642 3185 reuertentes,
666 3106 744 3172 dicit
760 3107 915 3184 dominus,
939 3107 1013 3190 quia
1029 3125 1087 3190 ego
1102 3106 1150 3171 uir
1165 3105 1281 3171 uester.

256 3293 523 3358 emanaret
603 3283 809 3348 'orestas'
870 3291 1076 3348 nitet-st
1155 3292 1282 3348 aeriter.

150 3379 231 3445 3,14

204 3516 369 3571 daheremloe
386 3515 431 3578 M,
447 3530 554 3570 rercmre
573 3515 622 3572 GR
724 3514 741 3568 3
759 3521 948 3584 cogrrarrones
961 3516 998 3570 P'
1094 3517 1110 3570 6
1127 3515 1160 3586 X]
1180 3516 1282 3586 aliquot

150 3619 170 3657 a
251 3602 267 3656 ‘1
290 3605 413 3672 porrum
430 3602 465 3656 Ρι
551 3600 569 3655 8
586 3599 714 3671 dominus]
734 3589 766 3655 dr
780 3601 903 3657 MP¹GR
990 3603 1017 3656 et
1033 3602 1098 3671 tem]
1118 3608 1283 3656 ertenenrer

151 3689 181 3743 P
279 3688 299 3741 9
319 3686 459 3756 pphscrae
484 3689 553 3755 (rae.
572 3688 597 3753 a)
622 3685 804 3756 pfersueronr
824 3687 852 3740 P
954 3685 987 3738 10
1011 3688 1038 3738 et
1056 3692 1121 3740 octe
1138 3685 1210 3740 idola
1228 3701 1278 3741 orn.

149 3772 237 3828 MOR
322 3771 352 3825 11
372 3770 545 3824 obhmsoerur
563 3769 641 3826 OSao
726 3786 777 3824 aur
797 3776 888 3840 sponsa
906 3769 998 3834 oldae,
1018 3787 1049 3824 er
1068 3777 1159 3840 sponsa
1175 3772 1212 3826 Ρι

151 3857 185 3912 12
201 3858 273 3926 uero]
291 3871 342 3911 cm.
361 3855 385 3911 S
463 3857 496 3909 14
514 3855 645 3910 dormint
659 3856 686 3911 P
773 3856 805 3908 15
823 3857 850 3909 in
870 3856 927 3925 alis]
941 3855 1019 3910 mehr
1034 3857 1071 3911 P¹
1158 3858 1208 3927 est]
1227 3871 1278 3910 om.

149 3941 248 3998 MP¹S
313 3943 348 3996 16
364 3948 510 3996 mnocenre
528 3943 572 4011 M,
589 3927 740 3996 mnocenrir
757 3942 869 3998 PCRao
938 3943 993 4013 sed]
1014 3961 1045 3998 er
1064 3944 1099 3998 P¹
1169 3943 1202 3997 18
1220 3943 1277 4012 ego]

147 4045 198 4084 ors.
217 4027 314 4084 offla
389 4028 422 4082 19
440 4028 480 4097 eo]
499 4043 546 4097 ego
559 4029 598 4082 M
679 4029 712 4082 21
732 4029 831 4083 afurG
914 4028 947 4082 23
966 4030 1161 4100 obtr.]orr1u1r
1181 4029 1210 4084 R

147 4131 289 4187 ofrducram
305 4131 333 4187 R
417 4132 582 4200 paulopost]
600 4130 626 4200 p’
643 4104 691 4200 p'ai
708 4132 736 4185 P
814 4132 848 4184 24
866 4131 909 4186 dsc
927 4133 981 4187 dns.
1001 4133 1226 4202 stnlr'lpopnlnr.
1246 4174 1252 4186 .
1271 4174 1278 4186 .

147 4223 211 4286 porr
229 4215 303 4270 XXX
319 4223 381 4271 ueri
394 4217 453 4286 plur
460 4223 551 4272 minut.
568 4215 611 4272 dd
628 4233 671 4270 me
683 4232 859 4272 conuertere.
878 4261 884 4272 .
903 4261 909 4272 .
926 4217 1080 4272 laudabunt
1093 4220 1106 4284 n
1113 4234 1179 4288 paq.
1191 4220 1244 4270 100
1255 4217 1267 4286 ΙΙ

147 4320 180 4358 er
199 4302 277 4372 paulo
294 4301 327 4372 p’.
346 4303 416 4368 Qma
433 4319 481 4373 ego
497 4319 539 4357 mr
555 4310 595 4358 ῆι.
612 4301 654 4357 ite
672 4303 751 4372 paulo
768 4303 794 4372 p’
813 4303 840 4358 Si
859 4303 1040 4372 conuertensl
1054 4305 1095 4358 nrt.
1119 4317 1280 4357 conterrere

147 4405 193 4442 arr
212 4387 267 4443 diii.
286 4387 408 4444 Crrcmre
423 4395 504 4444 urar.
523 4431 529 4444 .
549 4387 598 4444 .S
