3159 4967
315 446 384 514 620
542 444 590 497 De
607 442 734 498 diuinis
751 440 934 511 seripturis
950 439 1024 494 siue
1041 438 1226 510 Speeuluuu

317 634 528 720 propheta:
562 633 668 716 oqui
697 631 837 716 adquirit
871 630 1039 697 auaritiam
1068 629 1185 695 malem
1220 629 1444 695 domuimus!

317 739 468 823 cogitasti
482 720 696 803 confusionom
713 736 821 802 domui
842 736 928 813 tuae,
952 734 1100 818 peoesuit
1117 733 1221 798 anima
1240 733 1310 798 tua
1350 734 1445 797 item

316 842 357 907 iu
380 840 594 925 euangelio
617 838 1007 907 seeundum‘luoam:
1042 837 1097 903 Ait
1126 836 1256 919 quidam
1285 836 1330 901 de
1359 836 1445 901 11111

317 945 362 1010 ad
382 945 499 1011 iesum:
521 944 685 1027 magister,
709 944 762 1010 dio
775 942 867 1011 frati
881 961 962 1021 meo,
986 943 1023 1007 ut
1038 940 1163 1007 diuidat
1183 958 1311 1007 meeum
1327 939 1446 1005 herodi·

317 1048 427 1114 tstsm.
466 1048 545 1113 dixit
567 1048 674 1114 autom
695 1048 744 1113 illi
764 1048 869 1113 iesusz
891 1049 995 1125 homo,
1020 1046 1090 1129 quis
1112 1062 1165 1109 ms
1179 1044 1349 1111 coustituit
1368 1042 1475 1107 iudi-s

316 1152 388 1217 os'm
411 1152 467 1217 aut
482 1149 651 1218 diuisorsm
667 1169 763 1235 supra
776 1156 856 1217 uos?
879 1150 912 1215 ot
927 1149 972 1215 ait
986 1148 1029 1215 ad
1049 1148 1140 1214 iilos:
1164 1147 1273 1213 uidete
1290 1146 1326 1212 et
1340 1144 1445 1211 cauete

316 1255 358 1321 ab
381 1256 464 1321 omui
488 1255 631 1334 sumitis,
655 1254 730 1337 quia
750 1272 813 1319 uou
834 1253 867 1319 in
884 1252 1078 1319 abundantia
1093 1249 1371 1334 ouiusquam‘uita
1384 1248 1445 1312 eius

318 1360 421 1425 estex
443 1358 492 1424 his
510 1376 592 1442 quaa
605 1357 758 1441 possidet
790 1358 869 1423 dixit
884 1357 992 1423 autom
1008 1354 1048 1421 ad
1063 1354 1136 1421 illos
1151 1355 1185 1419 ot
1199 1354 1443 1421 similitudinem

315 1463 452 1529 hominis
476 1460 641 1528 cuiusdam
664 1461 774 1527 diuitis
796 1460 910 1525 uberes
936 1458 1058 1525 fruetus
1081 1459 1239 1542 possessio
1263 1456 1391 1533 adtulit
1418 1453 1446 1518 et

316 1565 473 1649 eogitauit
503 1567 580 1648 aput
608 1584 643 1631 ss
667 1563 792 1630 diosus:
823 1563 900 1647 quid
926 1562 1051 1640 faciam,
1083 1562 1241 1645 quianon
1263 1562 1369 1627 habeo
1391 1574 1473 1641 queo

317 1668 469 1753 colligam
492 1668 611 1734 fruetus
626 1672 737 1733 moos?
757 1667 792 1732 et
813 1667 907 1732 dixit:
930 1668 988 1732 hoo
1005 1664 1135 1732 faeiem:
1161 1664 1325 1731 destruam
1342 1665 1444 1729 horrea

317 1792 391 1838 moa
414 1774 446 1837 et
467 1774 589 1839 maiora
617 1772 733 1838 faciam
761 1771 827 1849 illa,
861 1771 892 1836 et
920 1770 987 1837 illio
1016 1770 1168 1853 colligam
1197 1787 1308 1836 omues
1331 1764 1443 1831 fruetus

317 1894 416 1954 moos,
449 1876 482 1941 et
514 1876 619 1941 dioam
652 1876 775 1941 animae
805 1894 912 1940 meae:
945 1874 1044 1940 habos
1070 1874 1172 1939 multa
1193 1874 1276 1939 boua
1298 1872 1332 1937 in
1357 1886 1443 1935 annos

319 1978 447 2057 multos,
471 1978 609 2061 epulare.
644 1978 723 2045 dixit
746 1980 854 2045 autom
875 1978 923 2045 1111
946 1978 1040 2045 deus:
1064 1978 1171 2055 stulto,
1194 1976 1254 2041 hae
1270 1976 1366 2041 nocte
1382 1972 1442 2037 aui·

319 2100 404 2147 mam
425 2083 514 2145 tuam
534 2081 681 2165 repetunt
697 2083 777 2147 ate:
802 2100 882 2167 quae
899 2079 1216 2165 autempraeparasti
1231 2079 1324 2144 ouius
1342 2075 1442 2143 eruut?
1452 2094 1470 2134 o
1529 2084 1530 2167 1

320 2185 366 2251 sio
390 2186 439 2250 est
461 2184 515 2267 qui
537 2184 597 2250 sibi
619 2184 837 2251 thensaurizat
860 2184 892 2249 et
906 2202 967 2249 uon
984 2184 1033 2249 est
1053 2184 1085 2249 in
1102 2184 1195 2249 deum
1213 2181 1315 2249 diues.
1353 2180 1441 2245 ltsu

265 2470 290 2511 α
320 2465 394 2524 oap.
483 2468 490 2505 ι
518 2447 541 2506 0
564 2448 614 2523 qui
635 2448 760 2522 adquirit
779 2448 931 2508 auaritiam
952 2447 1047 2507 domui
1069 2462 1145 2505 suae.
1190 2446 1230 2505 Iu
1252 2440 1441 2519 euangelio

319 2534 397 2595 luoe
420 2550 494 2609 cap.
516 2534 587 2593 XII:
619 2532 670 2593 sit
698 2533 813 2609 quidam
842 2533 981 2593 deturba
1004 2532 1166 2591 adiesum:
1197 2531 1243 2591 dio
1272 2531 1356 2591 irati
1379 2542 1440 2593 meos

264 2794 359 2873 uin
381 2793 553 2852 ambaouo
575 2808 646 2866 oap.
736 2790 1061 2866 :vaequioougrsgat
1083 2788 1232 2849 auaiitiam
1254 2788 1352 2849 domui
1372 2800 1439 2851 suae
1529 2788 1530 2801 ¹

319 2882 352 2939 ut
381 2880 420 2939 sit
448 2879 479 2937 in
508 2878 617 2937 excelso
645 2874 731 2935 nidus
756 2874 810 2957 <in
831 2872 911 2955 roa.)
937 2878 998 2935 eius
1018 2892 1134 2949 usque
1155 2876 1184 2933 ot
1205 2874 1338 2950 peooauit
1359 2871 1467 2931 sume

269 2980 273 2985 ’
318 2968 378 3024 tua.
416 2958 1438 3036 Soouudumluoamoap.XlI:Aitautemquidameidoturbs:
1529 2964 1530 3003 ῑ

319 3051 466 3125 magister,
501 3050 546 3108 dio
578 3049 660 3107 irati
693 3064 763 3119 meo,
798 3050 830 3107 ut
859 3048 970 3107 diuidat
999 3062 1106 3107 meeum
1132 3047 1317 3107 hereditatem
1338 3056 1439 3116 usquo

319 3152 392 3211 quae
414 3138 508 3195 autom
530 3134 637 3209 parasu'
661 3134 741 3193 ouius
764 3136 867 3194 eruut?
890 3135 933 3193 sio
946 3136 992 3193 est
1006 3134 1055 3209 qui
1070 3132 1127 3193 sibi
1147 3132 1326 3193 thesaurizat
1346 3132 1375 3190 ot
1394 3140 1440 3186 uou

287 3386 290 3393 '
355 3424 358 3428 J
423 3400 538 3457 isoio.
556 3402 582 3466 a,
600 3403 617 3455 o
635 3404 664 3457 a
682 3402 715 3456 1o
818 3401 916 3457 esee.
936 3401 976 3464 12,
996 3401 1095 3456 13-21

372 3661 385 3714 1
413 3661 511 3715 malam
537 3676 588 3715 om.
616 3660 733 3716 omo
833 3660 850 3714 2
877 3662 906 3715 et
930 3660 1051 3730 psooauit
1077 3660 1116 3715 Μ
1118 3658 1207 3715 VLCo
1234 3660 1309 3727 (393,
1333 3661 1379 3727 16)

317 3763 623 3819 Item-Ait-diuos
641 3780 692 3819 om.
714 3761 741 3819 V
830 3763 1063 3835 diueuangom.
1083 3762 1174 3820 Mus
1259 3750 1385 3818 euusuS

316 3853 336 3905 6
362 3866 440 3919 super
467 3849 505 3905 Ou
607 3850 623 3902 7
648 3849 835 3905 habundantia
862 3848 937 3907 SLO
1038 3850 1055 3905 9
1076 3849 1168 3905 diuitis
1185 3849 1259 3904 ouius
1277 3864 1341 3919 ager
1357 3847 1438 3901 ubere
1529 3868 1530 3935 1

317 3935 419 3991 uuus
435 3934 536 3991 susus
553 3935 596 4003 (s.
614 3936 691 3991 sou.
713 3936 747 4001 u)
764 3938 793 3991 et
810 3936 941 4006 cogitauit
958 3936 1045 3991 uuo
1146 3936 1179 3990 ιο
1202 3934 1267 4005 que
1286 3934 1381 3990 usam
1395 3944 1438 3986 oe.

317 4020 407 4078 HLO
518 4021 578 4092 quo]
606 4021 676 4091 quod
702 4023 740 4077 Μ
852 4022 883 4076 ll
910 4021 1010 4077 fructos
1038 4022 1096 4079 SM
1206 4021 1335 4076 distrusio
1364 4018 1385 4076 S

319 4108 353 4163 ia
369 4106 469 4163 susos
486 4108 525 4162 u
617 4106 817 4162 laesisses:
842 4108 966 4177 plurimos
985 4108 1090 4165 utos
1186 4108 1309 4177 sepum
1327 4106 1384 4163 su

318 4194 418 4248 stultae
436 4192 493 4249 SM
592 4192 651 4264 huo]
670 4208 701 4247 ao
720 4192 803 4249 SML
904 4196 999 4248 uootao
1018 4195 1055 4249 Μ
1157 4194 1272 4248 animam
1287 4195 1363 4247 tum
1378 4200 1439 4257 root⁸
1529 4204 1530 4233 ³

317 4281 382 4334 unt
404 4279 454 4335 se:
483 4279 572 4334 muna
589 4282 637 4334 eu.
654 4282 720 4345 (am
737 4278 785 4349 u)
807 4277 939 4335 seuseu
960 4280 1052 4337 uuo
1153 4279 1185 4334 15
1212 4278 1314 4348 pods
1339 4278 1381 4335 ee

320 4365 353 4419 16
371 4365 409 4418 sio
427 4366 468 4418 est
487 4364 537 4419 So:
566 4365 604 4418 sie
622 4366 650 4418 ot
668 4363 755 4420 MLO
855 4364 884 4417 iu
901 4364 951 4418 deo
971 4366 1067 4433 Mac,
1090 4364 1135 4425 sle
1150 4363 1220 4419 dedo
1529 4434 1530 4437 Ἴ

1529 4666 1530 4709 i
