3159 4967
413 446 460 499 De
479 444 607 498 diuinis
625 444 806 513 scripturis
824 444 895 497 siue
914 444 1094 511 Speculum.
1256 444 1319 511 583

191 650 252 697 non
276 632 425 698 deficient
447 634 479 697 et
501 650 652 715 capsaces
676 632 737 696 olei
759 650 819 696 non
842 631 1021 696 minuentur
1045 649 1143 715 usque
1166 632 1198 695 in
1224 631 1316 708 diem,

193 753 253 817 quo
285 735 373 802 dabit
402 736 480 801 deus
510 736 651 819 pluuium
682 736 928 818 superterram.
969 735 1000 799 et
1023 736 1101 801 abiit
1124 735 1262 813 etfacit,
1288 737 1319 800 et

192 837 396 903 manducauit
427 840 495 922 ipss
530 839 562 903 et
594 838 705 903 illast
729 838 788 902 filii
820 838 903 902 eius:
937 837 1047 923 hydria
1080 838 1228 919 pulentae
1258 858 1318 903 non

193 940 310 1005 defecit
331 960 433 1024 neque
455 960 513 1006 nas
530 942 591 1006 olei
607 941 779 1006 secundum
796 942 928 1007 uerbum
944 940 1072 1017 domini,
1096 940 1179 1023 quod
1193 941 1319 1006 loeutus

167 1044 294 1107 aestio
318 1064 412 1109 mann
435 1045 547 1109 heliae.
586 1046 685 1109 Item
707 1045 746 1108 in
767 1044 871 1108 libro
893 1043 1039 1107 iudith:
1064 1044 1104 1107 nt
1127 1044 1195 1107 erat
1216 1044 1318 1108 iudith

192 1146 291 1210 uidua
322 1148 354 1211 in
390 1146 482 1213 domo
516 1165 574 1212 sua
607 1148 694 1211 annis
722 1148 825 1211 tribus
848 1148 880 1211 et
900 1146 1062 1211 mensibus
1085 1164 1148 1210 sex.
1188 1146 1319 1211 etfacit

193 1250 253 1315 sibi
285 1251 525 1315 tabernaculum
558 1269 651 1332 snper
683 1251 805 1314 tectum
839 1248 960 1326 domus,
996 1250 1028 1312 et
1059 1249 1198 1330 inposuit
1227 1268 1320 1331 super

192 1352 316 1417 lumbos
339 1372 413 1419 suos
436 1354 585 1431 cilicium,
611 1353 642 1416 et
663 1353 826 1417 ieiunabat
849 1351 992 1417 omnibns
1010 1351 1120 1417 diebus
1141 1351 1228 1416 uitae
1243 1371 1319 1416 suae

191 1454 317 1536 praeter
346 1455 486 1520 sabbatis
515 1455 547 1518 et
577 1454 731 1519 numeniis
754 1456 787 1520 et
813 1453 1024 1536 gaudimoniis
1055 1454 1165 1519 domus
1191 1454 1317 1518 israhel.

154 1580 179 1618 10
193 1557 225 1620 et
247 1557 315 1621 erat
336 1556 418 1621 hona
440 1557 521 1621 tacis
543 1557 648 1635 ualde,
681 1558 713 1621 et
734 1575 794 1622 non
819 1558 887 1621 erat
910 1557 962 1639 qui
984 1556 1113 1621 inferret
1137 1557 1164 1621 ei
1187 1557 1319 1622 uerbum

191 1662 321 1737 malum,
345 1661 493 1742 quoniam
513 1660 649 1726 timebat
671 1660 832 1724 dominum
854 1659 958 1724 ualde.
1003 1659 1105 1723 Item
1134 1659 1172 1724 in
1201 1677 1318 1724 euan-

192 1762 299 1844 gelio
331 1762 546 1827 secundum
573 1762 717 1827 lucam:
752 1763 793 1827 Et
823 1762 891 1826 erat
920 1779 1000 1826 anna
1027 1762 1225 1844 prophetissa
1252 1761 1319 1825 filia

191 1865 349 1948 phanuhel
371 1865 410 1930 de
432 1866 518 1930 tribu
541 1884 612 1930 aser
634 1866 666 1929 et
687 1867 765 1930 haec
789 1884 938 1947 processa
962 1866 1082 1929 eratin
1106 1863 1217 1930 diebus
1242 1864 1317 1939 suis,

192 1986 274 2049 quae
302 1969 424 2032 uixerat
454 1987 525 2033 cum
556 1969 624 2033 uiro
655 1988 711 2034 suo
742 1970 830 2034 annis
859 1969 980 2051 septem
1005 1988 1023 2033 a
1045 1969 1227 2051 uirginitate
1251 1986 1317 2033 sua.

154 2072 224 2135 net
254 2072 332 2136 haec
362 2070 461 2135 uidua
491 2090 640 2137 annorum
672 2073 856 2155 octuaginta
886 2074 918 2137 et
951 2073 1108 2155 quattuor,
1144 2090 1225 2153 quae
1257 2088 1318 2135 non

190 2282 230 2339 Iu
252 2281 344 2340 libro
367 2282 462 2339 indit
485 2300 557 2356 cap.
662 2301 669 2339 :
699 2282 769 2340 Erat
798 2281 872 2340 indit
898 2281 982 2340 uidua
1005 2282 1033 2339 in
1057 2282 1138 2340 domo
1161 2298 1213 2339 sua
1236 2280 1318 2339 annis
1351 2300 1372 2339 α

190 2369 249 2425 tres
271 2384 385 2442 nsque
406 2368 526 2426 timebat
547 2367 689 2427 dominnm
710 2368 802 2426 udde.
847 2368 886 2426 In
909 2366 1103 2440 euangelio
1127 2366 1318 2425 secundnm

190 2454 306 2511 lucam
329 2470 404 2527 cap.
494 2472 501 2510 t
524 2454 562 2511 Et
583 2455 644 2511 erat
666 2470 740 2511 anna
761 2452 943 2527 prophetissa
965 2452 1023 2509 filia
1046 2451 1160 2510 tanuhel
1187 2452 1219 2509 de
1242 2450 1318 2509 tribu

191 2658 296 2717 domini
326 2660 400 2732 quod
428 2659 561 2733 loquutus
591 2658 684 2717 inerat
713 2659 743 2717 in
765 2676 851 2717 manu
874 2658 972 2716 heliae.
1017 2656 1056 2715 In
1078 2655 1173 2713 libro
1195 2655 1317 2713 iudith
1347 2676 1369 2734 μ

151 2765 177 2804 so
191 2759 265 2818 cap.
354 2763 360 2799 :
389 2744 426 2802 Et
448 2747 509 2802 erat
530 2744 620 2802 iudith
644 2745 675 2803 in
697 2745 777 2803 domo
802 2762 854 2803 sua
876 2742 962 2801 nidus
984 2741 1067 2799 annis
1089 2742 1181 2800 tribus
1204 2758 1318 2814 nsque

190 2832 218 2887 et
250 2845 306 2887 non
340 2835 400 2887 erat
433 2830 482 2903 qni
514 2830 631 2889 interret
664 2830 690 2887 ei
718 2832 835 2889 nerbnm
862 2829 976 2897 malum,
1009 2826 1081 2900 qnia·
1097 2827 1214 2884 timebat
1238 2826 1318 2885 deuun

189 2915 280 2973 ualde.
327 2915 524 2973 Secundum
553 2915 672 2973 lucam
701 2933 776 2989 cap.
800 2916 846 2973 II:
879 2916 917 2973 ut
947 2916 1007 2973 erat
1036 2930 1110 2970 anna
1139 2913 1319 2986 prophetissa

188 3001 248 3058 filia
277 2999 392 3058 iannbel
414 3000 447 3059 de
470 3001 546 3058 tribu
570 3019 632 3059 aser
659 3018 775 3074 usque
806 3001 920 3059 ieiuniis
944 3003 972 3058 et
994 2998 1237 3057 obsecrationibus
1261 3016 1317 3056 ser-

291 3197 307 3248 5
324 3195 422 3250 Iudith.
440 3195 465 3264 8,
483 3196 551 3249 4-8
656 3197 688 3249 12
706 3196 767 3251 Luc.
785 3198 811 3261 2,
831 3197 863 3251 36
883 3198 910 3250 et
928 3195 962 3249 37

242 3384 328 3437 lnon
346 3384 471 3439 deficient
489 3385 522 3439 S:
549 3400 600 3439 om.
620 3386 732 3440 ΜΗΘ
834 3386 950 3455 capsacis
969 3385 995 3439 L
1099 3400 1151 3439 non
1169 3386 1320 3439 minuentur

189 3470 222 3524 S:
250 3485 304 3523 non
316 3470 423 3524 deficiet
435 3471 472 3525 M
475 3470 549 3525 VLO
645 3472 823 3525 scrabeadam
834 3472 950 3526 uidetur
963 3471 1069 3526 deficiet
1080 3476 1107 3525 et
1118 3472 1250 3524 minuetur

188 3572 299 3643 dicmS
390 3573 495 3642 dqnod
516 3575 559 3636 V¹,
592 3590 642 3642 qua
660 3575 689 3638 0,
719 3575 748 3627 in
767 3589 851 3642 queo
950 3562 999 3627 dus
1017 3574 1148 3629 MVLCo
1168 3574 1248 3641 (κυρ.)

187 3658 204 3711 2
230 3660 328 3727 pluium
356 3660 393 3712 M
493 3658 509 3713 3
535 3658 623 3713 hidria
650 3661 683 3723 S,
714 3660 823 3729 hydriae
849 3660 889 3723 L,
919 3659 995 3729 ydria
1026 3660 1048 3714 0
1149 3659 1256 3728 pulente
1284 3658 1318 3713 S:

187 3743 288 3799 farinae
314 3746 446 3801 MVLCv
552 3747 569 3797 4
597 3760 680 3815 neque
708 3746 741 3801 S:
772 3749 800 3799 et
828 3745 956 3799 MVLGo
1058 3760 1105 3797 uas
1132 3745 1164 3799 S:
1195 3758 1317 3813 capsaces

187 3832 243 3915 (cis
262 3830 298 3897 L)
318 3830 353 3885 M
357 3832 439 3895 VLC,
468 3831 622 3901 lecythusu
709 3831 871 3901 suplices
954 3833 1012 3884 erat
1030 3829 1146 3885 indatS
1235 3830 1316 3883 isnb

185 3918 285 3969 tectum
308 3916 335 3969 L
438 3916 530 3971 domus
553 3933 599 3986 sue
624 3918 661 3972 Cu
763 3918 853 3987 posuit
877 3918 912 3971 M
916 3918 989 3972 VLO
1096 3918 1111 3970 9
1135 3916 1259 3969 nnminiis
1283 3916 1317 3971 S:

185 4002 329 4057 neomeniis
348 4004 476 4068 (·moeniis
495 4004 537 4065 Μ,
557 4020 644 4057 neam-
667 4006 701 4071 V)
718 4004 755 4057 Μ
759 4004 854 4067 Vno-a,
882 4008 1039 4071 νουμηνιῶυ
1136 4002 1317 4071 gandemouiis

186 4089 212 4142 L
298 4087 445 4144 istrahelS
530 4090 562 4143 10
575 4093 603 4142 et
615 4092 673 4143 erat
685 4091 722 4143 M
725 4091 809 4157 Vno,
835 4092 892 4143 erat
905 4089 932 4153 S,
955 4088 1001 4141 καὶ
1014 4080 1047 4157 ἦν
1129 4088 1251 4143 taciaeS

187 4190 216 4243 11
237 4180 300 4244 dnm
318 4190 384 4243 libri
471 4191 608 4247 naidaeS
692 4181 802 4261 eunfid
885 4191 918 4245 12
936 4190 1116 4259 profetissaS
1192 4191 1224 4245 13
1242 4190 1315 4244 fanu-

184 4276 228 4332 hel
247 4276 280 4339 S,
310 4275 414 4330 fanuel
439 4277 468 4339 V,
497 4278 612 4346 phanuel
631 4278 686 4333 LO
786 4292 911 4346 processa
928 4279 986 4330 erat
1009 4276 1043 4332 S:
1072 4278 1235 4345 processerat
1255 4276 1320 4332 MV

185 4362 251 4416 LOo
348 4362 380 4415 15
399 4361 480 4415 uidua
498 4364 598 4417 eratG
693 4363 830 4431 octoginta
848 4363 882 4416 M
888 4362 975 4418 VLCo
1072 4362 1252 4430 quatuorve
