3159 4967
282 422 346 489 382
505 418 551 473 De
569 416 698 475 diuinis
715 418 900 488 seripturis
917 418 991 471 sinc
1007 416 1189 487 Speculum.

282 607 375 674 uobis
395 606 661 689 peccetanostrs.
706 607 810 671 ltem
832 605 1043 689 apostolus
1065 605 1113 671 al
1134 606 1413 671 colossenses:

284 709 409 775 lmlsits
432 726 507 793 ergo
528 726 587 776 uos
609 708 776 793 tamqnam
798 708 893 775 electi
916 708 969 774 (lei
991 709 1093 774 sancti
1115 708 1149 773 ot
1163 706 1272 774 ‹lilsob
1286 707 1415 771 uiscera

284 809 531 890 misericordias,
561 810 800 895 benignitatem,
826 811 1000 889 lenitatem,
1022 810 1187 890 iustitiam,
1210 809 1414 894 petientism:

285 913 507 997 subportantes
528 912 666 979 inuicem
689 913 722 978 ot
747 913 903 979 donantes
917 913 1110 997 nobisipsis,
1129 910 1244 996 monis
1258 910 1416 977 aduersus

285 1017 422 1101 aliquem
455 1016 552 1082 habet
579 1016 771 1100 querellam:
802 1016 949 1083 montet
978 1014 1123 1082 dominns
1153 1014 1285 1081 donauit
1310 1014 1459 1091 nobiae
1572 1001 1574 1082 l

284 1120 330 1186 sio
353 1122 386 1185 et
406 1138 464 1185 noe
487 1119 591 1186 facite.
793 1124 797 1131 ’

758 1244 917 1391 ἰιιιιι

541 1487 582 1528 ΒΕ
604 1486 750 1528 CAVBNDA
777 1486 970 1528 SRDVCTIONE
992 1486 1158 1529 MALOBVM.

328 1601 372 1665 ln
395 1598 537 1665 exodo:
559 1598 628 1665 Non
653 1598 789 1683 accipies
806 1597 999 1665 auditionem
1013 1616 1145 1665 uanam:
1160 1618 1222 1664 non
1236 1598 1419 1665 consenties

287 1720 360 1767 cum
389 1701 506 1767 iniusto
536 1699 605 1767 fieri
633 1700 726 1767 testis
755 1700 906 1767 iniustus:
934 1719 996 1767 non
1025 1701 1087 1767 eris
1116 1720 1190 1767 cum
1218 1701 1363 1785 pluribus
1384 1700 1420 1765 in
1433 1724 1459 1763 ιο

287 1802 424 1870 malitia:
463 1822 524 1870 non
560 1802 697 1886 adpones
734 1822 806 1868 cnm
842 1803 1045 1869 multitudine
1082 1801 1239 1869 diuertere
1273 1822 1308 1868 se
1341 1822 1420 1868 cnm

287 1904 439 1988 pluribus,
463 1906 500 1970 nt
522 1905 710 1971 excludaris.
754 1907 855 1971 Item
877 1906 915 1971 in
936 1906 1087 1990 psalmo
1109 1908 1141 1970 I:
1162 1906 1282 1973 Beatus
1296 1906 1347 1971 nir
1362 1906 1420 1989 qui

286 2026 348 2076 non
382 2008 460 2075 abiit
488 2007 521 2073 in
549 2008 681 2074 consilio
710 2008 890 2093 impiorum,
921 2010 953 2074 et
981 2010 1013 2073 in
1043 2010 1097 2075 nio
1125 2009 1328 2092 peccaterum
1357 2029 1419 2074 non

289 2110 387 2189 stetit,
423 2112 456 2177 ot
487 2112 519 2176 in
553 2112 707 2177 cathedre
739 2113 939 2195 pestilentiae
969 2132 1030 2179 non
1065 2112 1165 2179 sedit:
1195 2112 1253 2178 sed
1282 2112 1314 2177 in
1343 2112 1419 2195 loge

236 2324 258 2364 α
289 2304 425 2363 steteritis
440 2304 477 2363 od
491 2304 645 2364 orationem
666 2322 780 2379 nsque
803 2305 926 2364 dimittet
945 2307 1028 2365 nobis
1049 2308 1165 2381 peccate
1185 2308 1291 2366 nosos
1328 2307 1419 2364 Pen-
1433 2318 1458 2358 ss

287 2389 345 2449 lns
374 2390 417 2448 sd
445 2390 653 2451 colosenses
681 2407 753 2465 csp.
777 2388 874 2450 XHII:
910 2390 1023 2451 Indmte
1053 2406 1121 2466 ergo
1150 2407 1202 2450 nos
1232 2391 1306 2450 sicat
1335 2391 1421 2449 electi

289 2472 334 2534 dei
355 2490 468 2551 usqne
491 2477 533 2534 ita
554 2478 583 2535 ot
604 2492 657 2535 nos
679 2474 774 2535 facite.

329 2557 431 2621 Xt'ffl.
461 2580 502 2623 nn
533 2580 678 2623 csvnnm
708 2580 900 2623 ennvcrronn
929 2580 1095 2624 menonem
1132 2562 1173 2622 In
1204 2560 1314 2621 exodo
1341 2578 1419 2636 cap.

287 2648 418 2706 LXXXI:
445 2650 509 2708 Non
532 2646 671 2721 suscipies
693 2662 791 2707 nocem
812 2646 951 2707 mendacii
971 2665 1087 2722 usqne
1107 2664 1164 2707 non
1185 2648 1365 2707 misereberis
1387 2649 1420 2706 in

288 2732 411 2807 negotio.
449 2734 491 2792 In
513 2733 650 2807 psalmo
672 2733 701 2791 1:
723 2732 831 2791 Beatus
852 2734 898 2792 nir
919 2733 1047 2807 qainon
1068 2732 1191 2793 obiitin
1213 2733 1341 2793 oonsilio.
1376 2732 1460 2795 Inso
1572 2757 1573 2812 ῃ

235 2942 261 3001 μ
290 2922 354 2979 ceta
381 2922 486 2979 nostre.
530 2920 668 2980 Penlns
698 2920 733 2978 in
755 2920 920 2995 epistole
947 2920 989 2979 an
1009 2920 1219 2981 colosenses
1240 2937 1315 2995 oep.
1338 2919 1420 2981 1111:

289 3004 399 3065 induite
429 3022 481 3066 nos
511 3022 579 3080 ergo
610 3006 684 3065 sient
713 3006 795 3064 electi
824 3006 869 3064 del
892 3007 1118 3081 sanctiusque
1141 3004 1420 3065 sicutetiominns

289 3090 406 3150 donauit
427 3092 519 3161 nobis,
543 3092 585 3150 ite
606 3092 635 3150 el
657 3106 718 3150 nos.

331 3176 438 3236 XVIII.
472 3196 513 3237 nn
544 3196 691 3238 cnvsrnm
720 3194 912 3238 senscrrosn
941 3196 1107 3239 srmonvsr.
1144 3176 1185 3235 In
1206 3175 1318 3235 exodo
1340 3193 1418 3251 cap.

289 3260 360 3321 llll:
393 3262 456 3321 Non
491 3262 631 3336 suscipies
663 3278 760 3321 uocem
792 3262 934 3321 mendacii
966 3279 1079 3336 nsque
1109 3278 1166 3321 non
1188 3262 1366 3321 misereberis
1387 3263 1419 3321 in
1433 3278 1460 3319 ss

288 3346 412 3420 negotio.
456 3347 496 3406 In
529 3347 666 3421 psalmo
689 3350 720 3408 l:
753 3346 859 3406 Beatus
892 3348 937 3406 nir
970 3348 1018 3423 qni
1050 3363 1107 3406 non
1136 3347 1208 3407 abiit
1236 3348 1266 3405 in
1288 3347 1419 3407 oonsilio.

390 3526 525 3585 XOoloss.
543 3530 568 3594 3,
587 3528 621 3582 12
632 3531 660 3583 et
671 3528 704 3582 le
800 3528 914 3584 tllxod.
933 3528 975 3594 28,
995 3528 1079 3583 lete
1174 3527 1207 3582 12
1224 3528 1268 3583 Ps.
1288 3528 1311 3592 1,
1331 3529 1344 3582 1

342 3701 357 3755 1
382 3700 516 3770 apostolus
541 3700 574 3755 S:
603 3702 696 3769 paulus
719 3700 837 3755 mne
943 3699 1093 3754 colosenses
1116 3699 1219 3767 HLO,
1248 3700 1305 3753 cois
1327 3701 1354 3754 V

287 3786 307 3841 2
324 3788 468 3857 tamqnam]
487 3786 556 3841 mont
572 3786 702 3842 MVLOo
787 3788 816 3840 et
832 3791 900 3840 aste
916 3784 1008 3840 dilecti
1024 3800 1076 3840 oss
1090 3785 1179 3841 Mn
1264 3784 1421 3856 bbenigni-

290 3874 348 3927 tate
371 3872 522 3927 hnmilitate
539 3872 741 3927 mansuetudine
758 3872 863 3926 institis
885 3870 1018 3941 patientis
1038 3870 1151 3939 MWO,
1179 3870 1349 3940 benignitate
1371 3871 1420 3924 lm·

290 3957 406 4013 militate
424 3958 599 4025 (humanitate
617 3958 653 4025 L)
670 3956 873 4013 mansuetudine
891 3956 1022 4011 iustitiam
1038 3956 1171 4025 patientis
1191 3957 1253 4011 V²L
1325 3957 1421 4031 ssnp

290 4046 427 4113 portantes
445 4044 484 4099 M
577 4044 665 4099 serbo
681 4044 758 4099 nobis
770 4074 803 4083 -
815 4072 850 4083 -
862 4044 1004 4113 qnmellsnr
1021 4058 1071 4097 om.
1089 4041 1207 4097 mne
1305 4044 1422 4113 ὄφιο-

291 4128 382 4184 reliam
406 4128 429 4185 S
528 4131 557 4183 et
573 4128 695 4183 dominns
713 4129 764 4185 So:
790 4127 855 4183 dens
872 4132 932 4193 (om.
952 4131 989 4194 et)
1007 4126 1120 4183 MVLO
1219 4129 1236 4182 6
1260 4129 1308 4198 sie]
1325 4127 1367 4182 its
1383 4128 1422 4182 Μ

295 4215 384 4271 Vnoo
486 4216 502 4269 9
520 4231 573 4270 non
592 4214 682 4271 endies
702 4214 822 4270 anditum
840 4230 937 4268 uanam
954 4214 1072 4269 MVLO
1172 4214 1203 4268 11
1222 4230 1339 4283 appones
1356 4214 1425 4270 m

292 4334 342 4390 no
444 4352 472 4389 se
491 4336 524 4391 s:
553 4351 604 4392 om.
622 4335 738 4391 nvnc
838 4334 871 4389 ιι
887 4301 965 4389 meio
979 4336 999 4403 (ι
1016 4350 1037 4388 s.
1057 4334 1076 4387 ι.
1093 4351 1127 4389 m.
1142 4334 1248 4404 pesa)
1267 4334 1291 4388 s
