3159 4967
1278 475 1328 523 XV

192 650 362 739 maximam
385 648 508 729 partem
532 665 550 710 a
573 646 677 727 capito
702 645 902 727 excerpserit,
926 664 988 711 uon
1011 665 1178 728 possumus
1202 646 1233 711 S.
1256 647 1325 712 Au-

192 753 319 836 gustino
342 769 402 815 nou
425 749 597 815 uindicare.
632 767 733 830 neque
757 748 926 830 quiequam
950 749 1065 826 obstat,
1088 749 1122 813 id
1145 749 1230 831 quod
1251 751 1325 815 huic

191 856 238 919 rei
269 854 515 919 consentaneum
546 852 604 928 est,
640 850 805 932 quominus
837 851 1032 933 singulorum
1063 853 1202 935 capitum
1232 873 1326 936 prae-

194 958 328 1023 fationes
350 957 401 1022 uel
426 955 567 1038 epilogos
590 973 667 1019 uera
686 956 717 1019 et
733 955 872 1037 genuina
887 954 917 1019 S.
935 955 1105 1038 Augustini
1127 957 1227 1021 uerba
1248 976 1326 1022 cou-

192 1062 293 1125 tinere
317 1078 512 1124 censeamus.

236 1180 372 1247 Accedit
395 1179 478 1263 quod
504 1179 611 1243 auctor
633 1178 726 1243 huius
748 1178 821 1243 libri
843 1180 875 1243 iu
897 1180 1013 1255 uerbis,
1044 1198 1124 1261 quae
1148 1180 1325 1264 explicandi
1400 1202 1406 1213 ·

160 1362 163 1369 ,
193 1305 290 1351 causa
309 1283 440 1367 singuiis
456 1282 661 1367 paragraphis
678 1281 812 1359 addidit,
836 1283 986 1347 nonnulla
1003 1282 1089 1360 dicit,
1114 1304 1195 1366 quae
1210 1286 1324 1349 mirum

192 1388 223 1452 in
249 1387 379 1453 modum
410 1385 587 1469 congruunt
621 1404 693 1449 cum
730 1384 785 1463 eis,
821 1404 901 1467 quae
925 1384 956 1449 S.
981 1385 1176 1468 Augustinus
1211 1388 1266 1451 aut
1293 1389 1325 1451 in

192 1492 348 1573 prioribus
373 1489 498 1573 scriptis
522 1488 588 1553 suis
611 1488 666 1552 aut
686 1487 781 1571 paulo
799 1491 871 1553 ante
893 1489 924 1553 in
941 1490 1201 1554 retractationum
1222 1490 1322 1566 libris,

195 1595 307 1677 quibus
331 1613 460 1675 operum
490 1611 617 1657 suorum
642 1610 763 1657 errores
787 1591 925 1675 corrigit,
956 1590 995 1657 de
1019 1592 1130 1657 eadem
1153 1611 1187 1658 re
1209 1612 1324 1676 propo·

194 1699 310 1763 suerat.
352 1716 387 1762 ao
418 1697 553 1779 primum
585 1693 712 1777 quidem
733 1694 805 1771 197,
828 1696 871 1759 24
899 1696 966 1760 tres
989 1696 1213 1778 euangelistae,
1236 1696 1324 1763 Mat-

193 1802 333 1877 thaeum,
358 1801 513 1877 Marcum,
536 1798 656 1863 Lucam
674 1797 746 1863 ideo
761 1798 853 1881 plura
867 1800 1038 1881 praecepta
1054 1800 1182 1865 uiuendi
1198 1800 1324 1867 dedisse

195 1904 272 1969 dicit
288 1905 407 1980 auctor,
432 1903 515 1985 quod
540 1922 609 1967 eam
625 1902 760 1967 maxime
777 1904 878 1967 secuti
895 1903 959 1967 siut
973 1903 1106 1985 partem,
1123 1921 1204 1985 quae
1221 1906 1326 1970 actiua

194 2006 327 2083 dicatur,
358 2006 389 2071 iu
413 2006 562 2072 Iohannis
593 2004 768 2087 otrangeiio,
799 2004 883 2087 quod
914 2005 1193 2087 contemplatiuam
1222 2010 1325 2091 magis

192 2110 340 2185 tenuerit,
375 2129 446 2173 cum
482 2108 714 2192 superemineat
747 2108 871 2185 ceteris,
905 2108 1006 2173 multo
1038 2110 1145 2174 tamen
1176 2111 1326 2193 pauciora

194 2232 318 2277 morum
340 2214 512 2295 praecepta
534 2211 673 2295 reperiri.
707 2212 821 2293 quibus
844 2212 949 2279 uerbis
972 2213 1150 2295 congruunt
1172 2231 1219 2291 ea,
1243 2233 1324 2296 quae

194 2314 224 2379 S.
255 2315 451 2397 Augustinus
486 2314 524 2378 de
558 2333 710 2378 consensu
747 2314 1015 2396 euangelistarum
1048 2316 1160 2394 15‚8
1190 2317 1324 2399 exponit,

195 2437 267 2483 cum
292 2417 384 2482 dicit:
409 2418 551 2511 Proinde
574 2439 644 2481 cnon
663 2420 746 2482 dnae
761 2419 896 2482 nirtntcs
912 2420 1100 2501 propositae
1114 2421 1182 2484 sint
1196 2422 1325 2485 animae

195 2522 364 2601 hnmanae,
395 2543 463 2587 ana
495 2523 614 2602 aetina,
644 2520 746 2585 attera
775 2521 1039 2601 contemptatina:
1062 2560 1104 2571 —
1126 2561 1168 2569 -
1191 2523 1252 2588 ilia
1280 2528 1325 2587 est

195 2626 229 2688 in
256 2627 440 2707 praeceptis
474 2625 663 2691 exercendae
696 2624 784 2689 nitae
821 2624 918 2687 ionius
952 2626 1151 2707 temporalis,
1190 2627 1255 2690 ista
1287 2628 1325 2691 in

193 2728 339 2793 doctrina
355 2731 444 2793 mitae
459 2728 550 2793 iltius
564 2728 787 2811 sempiternae.
805 2766 847 2775 —
862 2766 903 2775 —
919 2748 958 2792 cx
972 2747 1032 2809 qno
1054 2727 1196 2810 inteltepi
1217 2729 1325 2814 datar,

193 2834 221 2895 si
243 2834 414 2916 diiigenter
435 2832 596 2909 adportas,
622 2836 703 2895 tros
726 2830 1005 2915 enanpotistas
1027 2833 1216 2913 temporalia
1237 2832 1324 2914 facta

195 2935 330 3001 Domini
364 2940 392 2999 et
425 2934 513 3001 dicta
545 2954 624 3017 qnae
659 2934 707 2997 ad
741 2934 1029 3015 informandos
1059 2954 1184 2999 mores
1212 2938 1326 3001 uitae

190 3040 426 3119 praesent-is
448 3039 586 3103 manime
601 3037 755 3113 ualerent,
772 3038 926 3121 copiosius
935 3042 1117 3121 persecutos
1133 3039 1219 3103 circa
1234 3039 1327 3104 ittam

193 3144 335 3207 colinam
357 3144 508 3207 miniatem
529 3142 628 3225 fnisse
645 3146 798 3225 mercatos,
821 3140 1043 3206 Iohannem
1065 3162 1139 3205 aero
1154 3142 1243 3222 facta
1257 3142 1325 3207 Do·

195 3246 276 3309 ricini
299 3245 396 3311 modio
413 3246 574 3328 perniciora
597 3248 795 3322 narrantem,
824 3244 911 3307 dicta
932 3266 1007 3308 nero
1031 3246 1099 3309 eins
1121 3284 1163 3293 —
1185 3285 1227 3294 —
1249 3246 1326 3311 diii-

191 3351 319 3431 pentias
341 3353 371 3413 et
391 3350 520 3413 roberius
536 3349 786 3427 conscribentem,
810 3349 847 3411 in
868 3348 988 3411 nirtnte
1009 3348 1325 3429 contemplation

194 3452 445 3517 commendanda
473 3473 566 3517 suram
595 3454 803 3515 irotcntionem
823 3451 1155 3533 praedicationemque
1180 3455 1326 3517 terruisse.

194 3554 307 3619 deindo
331 3554 414 3638 quod
437 3557 468 3619 in
491 3554 626 3637 Speculo
649 3554 766 3637 legitur
790 3554 900 3630 113,5
922 3573 983 3618 non
1007 3572 1157 3635 apparere
1181 3556 1323 3637 quisnam

195 3658 236 3721 sit
266 3657 376 3723 auctor
406 3658 473 3722 eius
501 3657 574 3722 iibri
603 3656 657 3738 qui
686 3654 866 3738 Sapientiae
897 3656 1022 3731 dicitur,
1058 3655 1247 3721 mouendum
1278 3661 1326 3722 est

194 3762 272 3824 haec
307 3760 475 3825 conuenire
510 3780 580 3823 cum
616 3758 790 3825 retractata
819 3759 972 3841 opinione,
1008 3776 1045 3822 ex
1075 3779 1138 3841 que
1166 3780 1226 3825 non
1256 3779 1325 3827 esse

195 3864 370 3929 Siracidem
392 3866 485 3929 huius
507 3864 580 3928 libri
605 3864 765 3927 auctorem
794 3862 915 3927 dixerat
938 3863 1089 3948 (Retract.
1113 3863 1143 3939 2,
1166 3864 1197 3939 4,
1221 3865 1262 3944 2),
1295 3867 1327 3928 ot

195 3966 280 4049 quod
304 3968 413 4032 auctor
429 3964 556 4049 Specuii
575 3967 645 4042 154,
664 3966 704 4030 12
728 3966 767 4029 ad
790 3964 886 4029 fidem
906 3964 1050 4030 codicum
1073 3965 1208 4031 MPCR
1229 3966 1327 4032 libros

194 4072 313 4137 ueteris
335 4070 518 4135 testamenti
542 4070 638 4134 tidros
661 4071 828 4135 canonicos
850 4074 1025 4151 actoresque
1041 4068 1188 4151 appellat,
1212 4070 1326 4135 mirram

194 4174 225 4237 iu
248 4172 377 4238 modum
401 4172 571 4255 respondet
595 4172 650 4250 eis,
682 4191 762 4254 quae
790 4172 822 4237 S.
846 4172 1040 4254 Augustinus
1064 4171 1102 4237 de
1125 4172 1327 4237 retractanda

197 4276 373 4358 appellandi
401 4276 627 4351 consuetudine
652 4273 763 4359 (doctr.
788 4276 852 4339 chr.
877 4276 907 4353 2,
931 4277 961 4353 8,
989 4276 1039 4357 13)
1063 4276 1112 4340 his
1139 4276 1245 4341 uerbis
1276 4276 1324 4339 af-

196 4380 269 4443 i‘ert:
294 4380 348 4445 nbi
376 4386 480 4445 antem
509 4381 596 4445 dixi:
626 4380 675 4443 dis
697 4380 916 4463 qnadrapinta
938 4384 1090 4461 quattuor
1114 4380 1206 4445 libris
1228 4385 1325 4444 testo-
