3159 4967
662 385 845 512 Speculum.
1304 446 1324 511 7

190 630 349 699 industria
385 628 538 699 deciderit
568 633 745 718 proximum
774 652 867 701 suum
896 653 952 718 per
986 633 1130 714 insidias,
1160 634 1200 703 ab
1230 634 1324 703 altari

190 752 263 802 mee
282 734 401 802 auelles
424 754 506 815 eum,
533 736 570 803 ut
590 736 751 803 moriatur.
798 736 852 821 qui
872 738 1065 821 percusserit
1085 738 1209 823 patrem
1230 758 1324 805 suum

192 838 226 905 et
254 836 400 918 matrem,
428 839 530 905 morte
559 839 722 905 moriatur.
760 840 815 924 qui
843 838 967 907 matus
988 840 1084 907 fuerit
1103 840 1264 909 hominem
1284 844 1326 927 {et

189 940 372 1007 uendiderit
395 960 477 1021 eum,
501 940 665 1009 conuictus
693 960 793 1009 noxae
821 943 923 1009 morte
943 944 1106 1011 mnfiatur.
1144 944 1199 1029 qui
1219 944 1323 1011 male-

163 1044 307 1109 adixerit
320 1044 404 1129 patri
426 1064 484 1111 sue
507 1046 562 1111 aut
583 1045 688 1125 matri,
710 1045 813 1111 morte
835 1044 996 1113 moriatur.
1041 1047 1069 1115 si
1089 1043 1326 1114 nixati'iuerint

189 1147 253 1213 uiri
281 1148 314 1213 et
340 1148 535 1231 percusserit
565 1149 644 1216 alter
673 1149 849 1233 proximum
878 1168 972 1216 suum
1002 1148 1109 1235 lapide
1136 1150 1189 1217 nel
1215 1169 1322 1236 pugno

190 1250 224 1315 et
244 1249 301 1315 ille
322 1251 467 1317 mertnnns
488 1250 557 1339 [non
579 1251 683 1333 inerit,
718 1251 775 1319 sed
792 1251 941 1340 [iacuerit
965 1253 998 1319 in
1024 1252 1161 1335 laetula,
1194 1254 1223 1320 si
1252 1272 1324 1321 sur-

188 1354 306 1420 rexerit
338 1355 371 1419 et
402 1354 612 1422 ambulauerIt
638 1354 715 1423 ionis
746 1374 839 1440 super
864 1356 1015 1423 basulam
1041 1376 1145 1437 suum,
1174 1356 1326 1423 musaeus

191 1457 252 1523 erit
274 1456 327 1541 qui
349 1458 521 1541 percussit,
556 1459 604 1523 ita
630 1458 738 1525 tannen
767 1460 806 1525 ut
835 1478 947 1544 operas
977 1460 1046 1527 eius
1068 1459 1101 1527 et
1121 1460 1269 1544 inpensas
1291 1458 1324 1523 in

148 1559 331 1627 nemedieoe
352 1560 509 1627 restituat
555 1562 608 1644 qui
629 1561 822 1645 percusserit
844 1582 972 1630 seruum
994 1582 1087 1630 suum
1108 1562 1162 1628 uel
1178 1560 1325 1627 anstilam

190 1662 292 1748 uirga,
318 1662 350 1728 et
370 1664 514 1730 mortuus
536 1662 685 1730 fueritin
706 1666 853 1733 manibus
875 1667 954 1747 eius,
982 1665 1124 1731 criminin
1150 1682 1225 1730 reus
1248 1663 1324 1728 erit:

190 1766 238 1832 sin
263 1768 369 1833 autem
399 1786 461 1833 nne
491 1766 543 1833 die
574 1768 783 1853 superuiuerit
812 1770 866 1835 uel
895 1770 1028 1849 duobus,
1058 1787 1120 1835 non
1150 1765 1330 1834 subiacebit

189 1888 326 1954 poenae,
351 1871 426 1955 quia
446 1872 582 1956 peeunia
601 1871 689 1939 illius
712 1866 770 1939 eet'.
808 1874 836 1939 si
856 1872 951 1939 rixati
965 1872 1083 1939 fuerint
1103 1871 1174 1950 ubi,
1197 1870 1230 1935 et
1250 1887 1325 1953 per·

193 1972 330 2039 cusserit
363 1974 433 2058 quis
458 1974 625 2040 mulierem
651 1976 888 2060 praegnantem,
923 1975 955 2041 et
988 1974 1167 2042 abortiuum
1190 1970 1323 2055 'quidem

150 2072 314 2157 eiecerit,
337 2076 396 2143 sed
409 2078 479 2161 ipsa
492 2078 622 2157 uixerit,
646 2078 824 2145 subiacebit
838 2079 963 2160 damna,
987 2078 1139 2163 quantum
1162 2073 1331 2158 expetierit

190 2180 325 2246 maritus
345 2180 489 2247 mulieris
516 2176 555 2246 'et
585 2181 694 2248 arbitri
726 2180 911 2248 iudiearintt
943 2183 991 2249 sin
1022 2183 1129 2248 autem
1149 2197 1235 2245 mors
1258 2178 1328 2242 eins

191 2280 288 2349 fuerit
310 2284 490 2364 subsecuta,
512 2284 626 2350 reddet
648 2284 786 2351 animam
801 2305 857 2369 pro
872 2286 986 2365 anima,
1011 2285 1138 2351 obulum
1151 2300 1207 2367 pre
1223 2281 1325 2357 oculu

193 2384 321 2450 dentem
342 2402 399 2470 pro
422 2385 526 2465 dente,
550 2404 679 2453 manum
700 2406 756 2471 pro
777 2406 885 2469 manu,
906 2388 1022 2472 pedem
1042 2404 1099 2471 pro
1121 2387 1212 2471 pede,
1243 2384 1325 2449 adu-

191 2487 326 2554 stionem
348 2507 404 2571 pre
427 2488 603 2571 adustione,
625 2490 741 2556 nulum
762 2508 819 2574 pro
835 2491 974 2571 uulnere,
996 2491 1130 2557 liuorem
1144 2506 1200 2573 pro
1214 2488 1326 2553 liuere.

149 2590 219 2656 ansi
241 2591 435 2675 percusserit
452 2592 608 2676 quispiam
631 2592 759 2658 oculum
781 2593 866 2658 serni
888 2595 938 2659 sui
953 2594 1009 2659 aut
1024 2590 1158 2658 ancillae
1173 2591 1206 2656 et
1218 2589 1329 2655 iussos

191 2710 246 2760 ees
267 2693 390 2774 feeerit,
426 2695 565 2761 dimittet
579 2694 710 2779 [liberos
737 2714 795 2780 pro
825 2697 916 2762 samu
945 2714 1039 2780 quem
1062 2692 1152 2760 eruit.
1176 2691 1326 2757 dentem

193 2812 319 2880 qnoque
341 2798 368 2862 si
392 2800 567 2865 excusserit
581 2817 673 2866 senno
689 2800 745 2865 aut
759 2799 894 2865 ancillae
909 2817 995 2880 suaa,
1019 2797 1164 2864 similiter
1187 2792 1330 2861 dimittet

192 2916 247 2966 eos
279 2899 406 2965 liberos.
453 2902 480 2967 si
507 2902 566 2967 bos
592 2920 688 2968 cornu
721 2904 850 2987 petierit
872 2902 978 2968 uirum
1004 2900 1060 2965 aut
1083 2898 1260 2975 mulierem,
1294 2898 1327 2961 et

191 3001 309 3067 mortui
330 3002 456 3083 inerint,
478 3004 638 3088 lapidibus
660 3006 825 3071 obruetur:
851 3006 883 3070 et
904 3023 965 3071 non
987 3002 1193 3070 comedentur
1214 3018 1328 3066 earnes

149 3122 178 3163 as
192 3104 281 3184 eius,
316 3104 524 3189 dominusque
555 3107 648 3173 bouis
679 3107 830 3174 innocens
863 3108 931 3173 erit
983 3106 1067 3189 qued
1102 3106 1129 3170 si
1161 3106 1220 3171 bos
1252 3120 1327 3167 eer-

191 3207 310 3291 nupeta
340 3206 436 3275 fuerit
470 3210 508 3277 ab
541 3210 609 3276 heri
643 3211 676 3275 et
707 3204 952 3289 nudiustertius,
987 3210 1020 3274 et
1051 3208 1220 3275 contestati
1253 3206 1332 3272 sunt

190 3308 354 3379 deminum
373 3306 455 3393 eius,
477 3332 536 3380 nea
559 3314 691 3381 reelusit
713 3333 796 3394 eum,
820 3312 1034 3397 addideritque
1047 3312 1152 3377 uirum
1174 3329 1211 3375 ae
1226 3308 1325 3374 muli-

191 3431 294 3494 erem,
318 3417 351 3481 et
370 3417 429 3483 bes
450 3416 609 3502 lapidibus
633 3418 792 3497 obruetur,
822 3416 855 3481 et
876 3416 1038 3482 dominum
1058 3414 1146 3481 illins
1168 3411 1326 3479 oeeident

188 3516 275 3600 quod
298 3518 325 3585 si
346 3518 484 3603 pretium
507 3520 536 3585 ei
551 3519 647 3586 fuerit
660 3519 842 3604 inpositum
866 3519 955 3585 dabit
968 3537 1024 3603 pro
1041 3518 1146 3584 anima
1160 3534 1219 3583 sua
1232 3514 1324 3599 quie-

242 3738 299 3794 1&
315 3739 514 3811 prnndnatdv
583 3741 731 3797 nlaaneP
795 3742 949 3799 timor-rem
966 3740 1012 3793 Μ’
1090 3736 1322 3799 tundenth,

186 3830 290 3887 undem
308 3834 345 3889 Ρ
415 3840 575 3889 eenunnerut
590 3835 637 3889 Μ·
710 3838 787 3906 nome
804 3835 844 3891 Μ
912 3809 1004 3888 morte*
1028 3834 1201 3905 (stirpata.)
1220 3830 1259 3885 M

187 3920 340 3975 emonam
357 3922 405 3977 w
477 3919 567 3992 ised]
586 3927 606 3977 n
626 3920 657 3977 0¹
732 3922 807 3993 9ut]
826 3938 860 3976 er
876 3922 914 3977 P¹
989 3936 1071 3991 opera
1086 3920 1123 3975 ΡΙ
1198 3917 1232 3972 10
1248 3918 1323 3969 serub

186 4004 314 4060 ianufla
331 4008 420 4065 suaS
487 4008 520 4062 id
537 4022 605 4077 pene
624 4006 653 4076 0,
670 4024 738 4077 pene
755 4008 784 4065 R
860 4008 893 4063 14
910 4016 1038 4063 auemuu
1055 4008 1092 4062 ΡΙ
1162 4004 1196 4060 16
1213 4002 1323 4057 arbrrm

188 4092 213 4149 0
281 4090 557 4159 rubrauenntMPa
574 4092 781 4149 nudneauenrO
848 4093 882 4149 17
893 4092 995 4147 reddat
1009 4093 1050 4149 Ga
1117 4092 1151 4147 21
1169 4086 1325 4145 abruperat

187 4195 225 4251 aa
316 4194 352 4249 22
369 4198 425 4268 aut]
443 4198 456 4252 i
474 4197 510 4253 Su
603 4198 638 4252 24
655 4196 801 4253 admedun’t
820 4197 849 4263 0,
869 4172 1015 4254 ὦωοᾶιιιιϊ
1027 4196 1072 4262 Μ,
1095 4166 1273 4251 comeduntur
1289 4192 1323 4255 P,

186 4273 400 4368 comederentd
486 4282 521 4339 25
539 4282 660 4338 domninus
679 4298 780 4353 queque
798 4283 843 4339 Re
933 4298 1102 4353 aernuppera
1117 4284 1163 4349 Ρ,
1182 4268 1325 4347 dempera

186 4366 260 4422 M'S
325 4368 552 4425 atrabenus*
622 4368 790 4441 29ei]en’S

1376 15 1572 209 *N
