3159 4967
277 434 342 499 616
501 428 549 485 De
566 429 697 484 diuinis
714 429 893 499 eeripturie
911 429 984 483 eiue
1002 428 1186 499 Speculum.

275 620 382 685 metue
411 618 518 683 eutem
547 616 581 683 iu
608 616 700 682 breui
720 615 857 699 repleuit
878 617 1023 700 tempere
1043 617 1156 701 leuge:
1186 618 1305 702 pleeite
1326 618 1420 683 euim

276 722 346 789 eret
368 722 494 787 domiue
517 720 623 787 euime
645 718 723 785 eiuu
754 719 882 803 prepter
903 721 964 787 hee
986 722 1172 805 properauit
1184 722 1321 788 educere
1336 741 1420 789 euru

276 826 317 891 de
337 823 446 889 medie
473 822 650 907 iniquitute.
688 821 797 904 pepuli
827 822 934 889 eutem
963 822 1111 889 uideutee
1133 825 1167 891 et
1196 844 1258 891 ueu
1278 825 1419 891 intelle-

274 928 397 1012 geutee,
418 944 477 991 uec
499 926 652 1009 poueutee
672 926 706 991 iu
726 924 923 1009 praecordiis
945 926 1012 991 euie
1033 926 1123 1005 teliu,
1147 928 1222 1011 quiu
1235 929 1342 1011 gretie
1357 928 1420 995 dui

276 1032 309 1097 et
329 1029 549 1097 misericordie
577 1029 609 1094 iu
632 1029 759 1095 emetur
790 1029 859 1095 eius
882 1029 915 1095 et
937 1030 1102 1112 respectus
1130 1031 1164 1095 iu
1187 1030 1305 1097 eleetee
1329 1031 1417 1097 eius.
1446 1052 1462 1093 s

274 1133 465 1201 condemnat
493 1133 601 1198 eutem
628 1132 733 1197 iuetue
761 1133 905 1197 mortuus
936 1132 1028 1198 uiuee
1056 1132 1181 1217 impios,
1205 1134 1238 1200 et
1258 1134 1418 1199 iuuentus

276 1233 411 1302 eeleriue
444 1234 663 1301 eeueummete
696 1232 945 1317 lougeeuitetem
977 1234 1095 1301 iniust,
1137 1237 1291 1303 uidebuut
1324 1238 1419 1303 euim

275 1340 370 1405 duem
403 1338 564 1422 sapientie,
597 1338 630 1402 et
659 1355 720 1403 ueu
752 1336 941 1421 intellegent
970 1338 1047 1421 quid
1077 1341 1267 1423 cogitauerit
1290 1341 1330 1406 de
1353 1341 1417 1407 dle

276 1444 354 1509 deur
377 1444 410 1509 et
432 1461 529 1526 quere
552 1441 700 1508 munierit
729 1440 820 1507 illum
844 1440 997 1507 deminus.
1036 1441 1108 1508 illes
1132 1444 1239 1509 eutem
1263 1443 1418 1509 domiuus

274 1546 440 1611 inridebit:
475 1544 508 1611 et
540 1544 632 1611 eruut
663 1542 736 1629 poet
768 1544 847 1610 heee
872 1542 1055 1611 decidentes
1079 1545 1145 1613 eine
1167 1546 1284 1612 honore
1315 1546 1350 1611 et
1377 1548 1417 1613 iu
1431 1574 1459 1615 ιο

274 1648 467 1715 contumelia
492 1648 576 1714 iuter
601 1649 742 1715 mortuos
769 1648 1021 1731 inperpetuum.
1066 1648 1170 1714 Item
1192 1648 1297 1715 illie:
1327 1651 1416 1715 Iusti

276 1753 383 1818 eutem
414 1752 447 1816 in
476 1752 663 1836 perpetuum
692 1752 813 1829 uiuent,
845 1750 878 1816 et
906 1753 983 1835 aput
1014 1750 1175 1817 domiuum
1206 1754 1255 1818 est
1284 1770 1415 1817 merces

274 1854 411 1933 iliorum,
436 1855 468 1919 et
491 1854 641 1938 cogitatio
663 1852 789 1920 iliorum
813 1854 889 1937 aput
911 1852 1111 1921 altissimum.
1147 1854 1221 1920 idee
1248 1854 1417 1939 decipiunt

273 1975 408 2040 reguum
431 1956 554 2023 deceris
576 1956 610 2022 et
625 1956 773 2022 diedemu
787 1958 906 2042 speciei
923 1958 962 2023 de
982 1976 1080 2023 mauu
1103 1956 1236 2023 domiui:
1260 1956 1415 2043 quonium

277 2060 356 2126 deus
388 2059 518 2125 dextere
546 2078 605 2126 sue
631 2059 722 2145 teget
751 2059 833 2139 illes,
865 2061 898 2125 et
921 2058 1050 2127 bruchio
1073 2078 1130 2125 eue
1155 2056 1303 2125 defendet
1324 2056 1413 2125 iliou
1430 2084 1457 2125 ιε

273 2163 376 2228 Item
397 2164 476 2229 ieb:
510 2162 597 2229 More
632 2162 714 2229 euim
746 2163 816 2229 uiro
844 2164 930 2231 iuste
961 2162 1103 2247 requiem
1134 2162 1197 2229 det.
1243 2163 1348 2228 Item
1372 2162 1415 2227 iu

222 2380 244 2457 e
275 2395 450 2471 perpetuuuu
495 2393 586 2453 Item
606 2408 680 2469 dep.
783 2409 791 2449 ε
824 2392 898 2453 Iusti
927 2394 1022 2453 eutem
1050 2392 1081 2451 iu
1109 2394 1274 2471 perpetuum
1299 2392 1414 2453 uiuent.

275 2480 315 2539 Iu
337 2480 434 2539 libre
456 2479 515 2538 iob
538 2495 612 2553 cup.
703 2498 710 2535 :
740 2478 818 2537 diere
841 2478 916 2538 euim
937 2480 999 2537 uiro
1021 2478 1097 2538 iuste
1119 2476 1244 2553 requiem
1266 2478 1324 2537 dut.
1371 2477 1415 2537 Iu

220 2726 245 2785 μ
274 2705 349 2767 euim
378 2706 440 2764 eret
462 2704 513 2763 deo
536 2704 633 2763 anime
660 2703 739 2765 illiue
760 2718 873 2778 usque
896 2702 975 2763 etin
998 2700 1166 2763 contumelia
1187 2700 1412 2763 intermortuos

273 2792 303 2852 in
336 2794 512 2869 perpetuum.
555 2790 645 2849 Item
679 2806 753 2865 eep.
776 2790 821 2848 11:
854 2789 929 2849 Iusti
958 2791 1052 2848 autem
1085 2788 1116 2847 iu
1143 2784 1279 2863 perpetuo
1307 2784 1456 2847 uiuent„

273 2894 387 2953 neque
417 2878 446 2936 et
474 2876 590 2936 breehie
620 2873 750 2935 defendet
779 2874 854 2935 iliee.
899 2876 939 2934 Iu
970 2874 1231 2934 eeclesiastico
1253 2890 1327 2948 οη).
1350 2872 1410 2931 xl:

272 2964 415 3025 Medicum
443 2963 524 3038 plere
552 2979 637 3037 euper
666 2963 807 3023 mertuum
828 2978 942 3037 usque
964 2960 1058 3020 luetue
1081 2960 1183 3019 mertui
1206 2962 1314 3034 septem
1335 2957 1410 3018 dieu.

272 3050 317 3109 In
336 3046 552 3125 prouerbiie
575 3065 650 3124 eep.
672 3047 729 3107 x1:
751 3046 863 3106 Mortuo
878 3046 989 3105 homine
1005 3045 1091 3121 impio
1113 3061 1228 3120 usque
1249 3044 1412 3119 expectatio

273 3134 456 3197 sollicitorum
477 3133 589 3208 peribit.
634 3132 674 3219 Iu
696 3134 754 3192 iob
777 3148 855 3209 cup.
954 3132 1061 3193 :Mors
1083 3132 1159 3192 euim
1180 3131 1242 3190 uiro
1264 3132 1340 3190 iuste
1364 3146 1409 3188 re-

379 3367 409 3420 11
430 3366 491 3437 esp.
508 3368 534 3433 5,
553 3366 586 3422 1e
603 3370 632 3421 et
651 3368 683 3421 17
787 3366 820 3420 ie
837 3364 893 3421 rob.
912 3364 955 3429 ee,
974 3365 1008 3419 ee

325 3588 342 3646 2
365 3590 415 3645 dee
437 3590 567 3647 mov
669 3589 740 3645 illiue
763 3588 894 3645 MVLOe
998 3587 1106 3645 educere
1125 3588 1200 3643 SOe:
1230 3586 1328 3656 eripere
1346 3586 1414 3643 m

273 3680 301 3733 L
407 3678 425 3733 5
450 3676 592 3747 respectue]
620 3676 688 3731 add.
717 3676 773 3729 eius
800 3674 918 3730 MVLO
1019 3674 1083 3744 eius]
1110 3672 1182 3727 illiue
1208 3664 1338 3727 moi

273 3764 289 3817 7
313 3763 507 3833 leugeuiteteur
531 3762 566 3819 8:
595 3763 692 3832 leugae
715 3761 790 3817 uitee
813 3760 951 3831 MNO,
981 3776 1004 3817 e.
1028 3760 1044 3817 t
1065 3774 1196 3829 praepee.
1220 3758 1340 3813 homiues
1361 3757 1411 3821 γ’,

272 3851 381 3920 lengum
397 3849 516 3904 uiteme
611 3848 683 3903 euim
699 3848 882 3903 em.MVLO
977 3844 1199 3901 teumdeueO
1295 3842 1412 3912 Iopen

270 3936 368 3993 ΜΒ
455 3932 1002 4007 “ᾱὶωιιῒω(“ιι1)8,ἂοὰὶωιιωὶ
1093 3930 1341 3987 eminens

273 4023 305 4077 ll
331 4024 360 4077 et
380 4024 452 4076 iuter
475 4022 498 4078 0
597 4020 906 4076 Item—lueti—diee
924 4035 976 4075 em.
998 4019 1023 4074 V
1124 4016 1187 4087 iliiel
1205 4016 1235 4071 iu
1252 4016 1319 4071 libre
1338 4017 1411 4085 eupi-

271 4110 362 4165 eutiee
380 4109 468 4165 mc
561 4108 594 4163 12
611 4109 713 4178 uiuent]
731 4108 799 4172 ζῶσι
890 4106 1027 4161 mereieS
1122 4102 1154 4158 13
1172 4103 1299 4172 eogiteu'u
1318 4116 1412 4157 eorm

273 4198 337 4253 ML
426 4194 677 4265 eeeipieutMLOe,
695 4195 832 4263 λήψονται
924 4193 958 4247 14
970 4192 1094 4262 quouiem
1107 4190 1156 4246 Su:
1180 4188 1341 4259 quum.

274 4283 307 4338 15
334 4282 399 4337 deur
425 4298 476 4337 em.
504 4282 608 4338 MLOe
712 4283 788 4350 teget
805 4296 850 4335 eos
873 4278 951 4335 Mun
1054 4276 1175 4332 brueehie
1199 4276 1223 4330 S
1322 4274 1358 4329 16
1379 4276 1413 4331 iu

272 4367 363 4422 iebL
