3159 4967
257 443 321 511 482
481 442 527 498 De
544 441 670 498 diuinis
687 445 868 513 seripturis
886 445 958 498 sinc
977 443 1156 513 Speculum.

259 652 316 698 nec
348 633 515 698 audiantur
541 634 580 697 de
603 653 655 699 oro
677 635 793 698 uestm.
839 634 937 698 Item
967 634 1074 698 illic:
1106 633 1176 698 Non
1209 634 1382 700 adorabitis

260 735 336 800 deos
358 754 474 814 eornm,
497 755 598 819 neque
621 737 766 801 seruistis
786 735 862 801 illis.
896 755 956 800 non
978 735 1077 802 iacies
1097 738 1269 802 secundum
1285 757 1381 820 opera

258 837 392 918 illorum,
416 839 473 905 sed
496 839 632 922 depones
656 841 688 904 et
711 839 931 904 exterminabis
955 841 987 904 et
1013 839 1188 923 confringes
1211 842 1382 906 simulacra

259 961 376 1021 eornm,
400 945 433 1007 et
454 944 598 1008 seruietis
622 942 746 1008 dominc
770 942 829 1008 deo
851 945 966 1008 nestro.
1007 944 1039 1008 et
1060 943 1244 1009 benedicam
1267 964 1381 1027 panem

258 1045 348 1110 tuum
381 1048 414 1111 et
447 1065 560 1129 equam
597 1047 695 1124 tuam,
734 1047 767 1110 et
806 1047 946 1110 auertam
980 1045 1194 1111 infirmitatem
1229 1066 1247 1111 a
1279 1047 1379 1113 nobis
1408 1067 1425 1108 s

260 1151 359 1215 Item
386 1149 493 1215 illic:
527 1149 672 1214 Adtende
701 1149 768 1226 tibi,
799 1167 838 1214 ne
869 1169 944 1214 casu
976 1149 1123 1232 dispones
1154 1150 1382 1215 testamentum

263 1253 348 1340 (his)
372 1253 425 1338 qni
447 1252 559 1318 sedent
580 1271 672 1335 snper
693 1254 820 1330 terram,
843 1254 874 1318 in
899 1273 993 1338 quam
1015 1253 1188 1319 intraturus
1211 1273 1254 1332 es,
1277 1271 1316 1318 ne
1339 1253 1383 1318 sit

260 1357 386 1422 offensio
417 1376 524 1422 eorum
553 1358 585 1422 in
614 1359 715 1424 nobis.
750 1375 821 1421 aras
849 1357 975 1422 illorum
1008 1355 1186 1435 destruetis,
1219 1359 1250 1422 et
1271 1357 1381 1422 titulos

258 1460 383 1526 illorum
416 1461 632 1540 conminuetis‚
671 1462 703 1525 et
734 1461 824 1526 lucos
857 1480 964 1526 eorum
999 1459 1160 1526 excidetis.
1205 1479 1265 1526 non
1298 1461 1382 1524 enim

260 1562 430 1630 adorabitis
453 1566 511 1630 deo
534 1566 611 1630 alio:
643 1584 700 1646 ego
724 1566 806 1630 enim
829 1583 898 1630 sum
922 1564 1065 1630 dominns
1089 1563 1167 1629 deus
1188 1564 1281 1628 tuus:
1312 1564 1381 1628 nelo
1394 1585 1421 1625 ιο

259 1686 380 1746 nomen,
412 1667 490 1733 dens
520 1668 625 1732 zelans
655 1669 713 1732 est.
747 1687 786 1732 ne
810 1686 886 1734 casu
918 1667 1064 1750 disponas
1085 1667 1310 1732 testamentum
1331 1666 1381 1731 his

260 1772 312 1853 qni
343 1771 454 1836 sedent
484 1791 577 1854 super
604 1773 732 1850 terram,
764 1773 797 1836 et
823 1771 983 1836 forniceris
1014 1771 1085 1853 post
1109 1770 1184 1836 deos
1208 1789 1325 1848 eornm,
1348 1770 1382 1834 et

258 1874 393 1939 innitent
417 1877 450 1939 te
480 1877 511 1940 et
536 1875 708 1940 manduces
732 1875 770 1940 do
794 1875 957 1941 sacrificiis
981 1893 1104 1940 eorum:
1135 1875 1168 1939 et
1189 1874 1321 1938 sumatis
1344 1891 1381 1937 ex

260 1975 385 2043 filiabus
405 1977 532 2043 illorum
554 1979 628 2044 filiis
650 1980 775 2057 nestris,
801 1981 832 2043 ct
853 1977 936 2044 filias
958 1979 1083 2043 uestras
1106 1976 1188 2043 detis
1210 1975 1284 2042 filiis
1305 1977 1379 2042 iilo-

259 2099 344 2144 rum:
379 2081 411 2145 et
441 2081 632 2147 tomicentnr
665 2081 749 2148 filiae
781 2085 855 2146 tuae
889 2083 961 2164 post
989 2081 1064 2147 deos
1096 2100 1211 2146 eorum.
1247 2082 1281 2145 et
1305 2081 1421 2147 deosne

259 2184 369 2250 fusiles
391 2205 450 2251 non
473 2185 597 2252 iacietis
619 2187 717 2252 uobis.
756 2187 857 2250 Item
879 2186 916 2250 in
938 2185 1127 2250 leuitico:
1150 2183 1218 2250 Non
1235 2183 1379 2250 seruietis

210 2395 231 2435 α
261 2378 391 2438 adorabis
423 2379 490 2440 deos
522 2397 633 2453 usqne
666 2379 856 2437 infirmitatem
889 2395 906 2436 a
938 2377 1029 2436 nobis.
1073 2379 1162 2436 Item
1193 2395 1266 2452 cap.
1371 2395 1379 2432 ε

260 2465 386 2524 Adtende
413 2465 466 2524 tibi
495 2481 531 2524 ne
560 2481 629 2524 casn
656 2481 747 2540 ponas
768 2481 882 2538 usqne
905 2463 1033 2523 dominus
1057 2463 1126 2524 dens
1147 2465 1250 2524 uester.
1294 2463 1380 2522 Item

209 2671 233 2729 μ
261 2670 334 2730 cap.
357 2654 425 2712 XII:
446 2656 510 2713 Non
532 2653 664 2712 adorabis
679 2652 746 2710 deos
760 2667 855 2710 eornm
877 2667 988 2724 usqne
1010 2653 1039 2710 et
1052 2651 1177 2710 euieram
1191 2651 1381 2710 infimitatem

261 2740 294 2798 do
315 2741 406 2798 medio
427 2740 479 2798 tni.
515 2740 603 2797 Item
625 2755 697 2812 cap.
713 2739 784 2796 XII:
806 2739 868 2796 Non
891 2737 978 2796 inibis
1001 2753 1063 2796 oum
1085 2738 1127 2796 eis
1149 2737 1246 2796 icedue
1268 2749 1422 2810 nequem

262 2827 335 2900 qnod
356 2827 410 2884 tibi
434 2827 508 2884 certo
530 2825 585 2884 erit
604 2825 635 2882 in
657 2823 828 2882 scandalum.
865 2823 954 2882 Item
976 2840 1050 2897 cap.
1066 2823 1144 2884 XVi:
1168 2823 1242 2882 Cane
1263 2839 1299 2882 ne
1320 2839 1379 2880 um·

261 2929 346 2986 qnam
367 2928 430 2970 cnm
451 2910 656 2970 habitatoribus
678 2912 768 2968 terrae
794 2907 870 2966 illius
893 2909 997 2982 iungas
1019 2909 1160 2968 amicitias
1180 2925 1292 2984 nsque
1315 2906 1380 2966 deos

261 2996 416 3056 conflatiles
437 3012 494 3054 non
515 2996 604 3055 iacies
625 2995 689 3054 tibi.
731 2995 773 3052 In
801 2994 957 3054 lenitico
979 3011 1051 3069 cap.
1075 2995 1155 3055 XVI:
1184 2997 1248 3056 Nou
1270 2993 1380 3054 iacietis

363 3175 655 3241 mesomedes
750 3173 858 3229 saxon.
872 3174 914 3239 34,
929 3174 1028 3228 12-17
1124 3175 1156 3230 16
1167 3175 1230 3230 Leu.
1246 3177 1314 3245 19,4

261 3263 295 3316 20
315 3263 362 3316 Er.
378 3263 420 3326 23,
438 3262 472 3315 32
490 3265 518 3316 et
534 3262 568 3315 33

312 3430 461 3486 leudiatnr
472 3431 570 3488 ML¹0
649 3429 847 3500 illiclinexodo
860 3429 997 3498 MLO(6)
1086 3429 1237 3501 ddisponas
1250 3431 1381 3500 8(de

260 3519 319 3574 cod.
346 3519 437 3588 Alc),
466 3534 550 3587 pones
576 3517 662 3572 Meo
679 3517 753 3587 (θῇς)
857 3515 872 3569 'i
898 3515 939 3569 his
966 3532 1016 3571 orn.
1045 3517 1152 3572 SMLO
1251 3517 1267 3572 8
1294 3533 1380 3572 eorum

261 3609 319 3673 (om.
338 3603 367 3657 in
383 3603 458 3659 nobis
475 3620 499 3658 a.
517 3605 534 3658 i.
553 3603 578 3656 d.
597 3619 619 3657 e.
636 3607 656 3657 t
676 3603 790 3674 illorum)
815 3602 852 3656 M
954 3619 1012 3656 ares
1036 3619 1124 3658 eorum
1146 3605 1188 3658 Lo
1288 3605 1380 3659 titulos

261 3707 348 3746 eorum
371 3691 423 3746 LO
521 3689 555 3744 10
581 3688 630 3744 deo
654 3691 706 3745 alio
732 3689 842 3761 smsp
863 3685 944 3758 ἑτέρῳ
970 3689 1027 3744 cod.
1047 3692 1136 3758 Atei:
1166 3691 1244 3745 deum
1268 3692 1380 3746 alienum

261 3777 361 3832 unco
463 3793 511 3846 ego
535 3776 604 3829 enim
627 3791 684 3829 sum
706 3775 827 3829 dominus
845 3775 909 3829 deus
926 3777 987 3828 tuus
1006 3775 1029 3830 S
1045 3776 1091 3844 (cf.
1110 3777 1202 3832 Eccd.
1221 3781 1266 3846 20,
1284 3779 1312 3845 5)

261 3867 316 3920 zelo
333 3880 429 3918 nomen
446 3863 510 3916 dens
527 3863 615 3916 zelans
628 3864 669 3915 est
687 3861 710 3916 S
725 3860 853 3930 (ζηλωτὸν
870 3861 965 3930 ὄνομα,
983 3861 1051 3922 θεὸς
1068 3863 1187 3932 ζηλωτής
1204 3861 1285 3931 ἐστιν,
1302 3864 1381 3919 ccide-

261 3957 309 4005 tur
332 3952 471 4019 interpres
495 3948 592 4018 leqieee
614 3948 683 4016 ζηλῶ
705 3947 736 4000 τὸ
754 3948 842 4016 ὄνομα
861 3992 867 4003 .
885 3947 915 4018 .)
1018 3965 1084 4018 ego.
1104 3990 1111 4005 .
1130 3949 1236 4004 ¹selene
1259 3951 1309 4020 est]
1333 3965 1381 4019 ego

260 4037 330 4092 enim
353 4051 410 4090 sum
432 4035 551 4089 dominns
574 4033 638 4087 dens
655 4033 743 4088 zelans
761 4049 856 4087 nomen
875 4035 916 4087 est
932 4033 996 4087 mihi
1015 4035 1115 4098 Meo,
1146 4035 1266 4089 deminus
1284 4038 1381 4092 zelotes

259 4123 437 4183 nomenoius,
456 4119 519 4174 deus
538 4123 578 4174 est
596 4123 773 4176 aemulatore
879 4119 909 4173 ll
929 4135 961 4174 ne
975 4135 1038 4174 casu
1050 4121 1172 4190 disponas
1185 4121 1249 4191 ΜΟ,
1275 4137 1383 4177 necasu
1487 4145 1489 4152 ⁴

260 4207 403 4276 disponens
422 4205 449 4274 S,
475 4221 523 4260 nec
541 4205 639 4259 aoiduis
656 4221 757 4275 ponens
774 4205 854 4275 (iduis
872 4207 904 4259 in
920 4221 979 4260 rus.
992 4223 1026 4260 m.
1039 4209 1069 4274 2)
1089 4207 1116 4261 L
1206 4207 1248 4261 his
1267 4207 1294 4272 S,
1323 4223 1381 4262 cnm

260 4293 301 4344 his
320 4292 407 4346 Meo
490 4291 522 4346 13
540 4293 580 4360 ex]
599 4292 632 4346 de
650 4293 677 4346 L
762 4291 1157 4361 nemorumnemorum
1243 4292 1276 4346 16
1294 4295 1382 4348 uerbo

262 4379 329 4432 Item
340 4407 373 4417 -
384 4377 444 4432 Non
456 4394 476 4432 s.
489 4377 505 4432 i.
520 4394 542 4434 e.
560 4377 585 4433 d.
603 4377 620 4433 f.
640 4395 665 4433 n.
682 4377 786 4433 facietis
802 4378 878 4431 nobie
896 4393 947 4432 cm.
966 4377 1051 4433 MLO
1151 4377 1275 4434 lenuiticc
1293 4377 1317 4434 S
