3159 4967
293 470 368 519 xxn

294 639 345 717 39
368 636 484 703 20-
509 638 580 717 181,
604 636 730 703 6nr'tr't
752 638 954 721 desperantes
977 638 1068 705 Oorb.
1092 638 1182 704 Cant.
1207 638 1369 788 Sengerm.
1391 641 1419 703 l.

294 744 396 827 μηδὲν
419 746 538 809 ductat
525 746 645 821 ίζοντες
665 742 741 807 Luc
763 746 793 823 6,
817 744 868 810 35

339 945 440 1028 Quam
474 945 511 1011 ob
545 965 611 1011 rem
645 966 717 1011 eum
751 944 889 1011 etiam
879 966 911 1011 ιιι
943 946 1148 1029 apertissimis
1176 944 1263 1011 uitiis
1294 945 1420 1030 Speculi

295 1048 421 1114 codices
455 1068 526 1113 cum
549 1050 707 1133 vulgatae
739 1050 821 1115 libro
843 1041 1001 1115 Amiatino
1035 1050 1210 1115 consentire
1242 1051 1420 1129 uideamus,

296 1151 444 1235 colligere
465 1152 542 1217 licet
563 1152 744 1217 testimonie
767 1152 807 1216 ed
831 1170 901 1216 eam
924 1170 1018 1235 qnam
1040 1152 1127 1216 idem
1147 1152 1202 1217 ille
1223 1152 1305 1218 liber
1325 1171 1419 1236 prae·

294 1255 369 1319 beat
401 1254 614 1321 recensionem
648 1256 772 1320 mutate
795 1256 827 1319 et
848 1254 1017 1321 mendosas
1044 1255 1199 1320 lectiones
1228 1257 1268 1320 ab
1295 1256 1419 1321 bomine

295 1376 406 1440 pamm
440 1358 561 1423 erudito
596 1378 669 1423 cum
702 1358 909 1424 describendo
941 1358 1030 1424 textu
1061 1359 1093 1423 in
1116 1357 1285 1442 Speculum
1314 1360 1419 1424 trans·

295 1464 413 1545 posites
437 1480 515 1528 erse.

340 1581 399 1649 Cui
431 1584 477 1649 rei
511 1585 755 1649 consentaneum
790 1585 839 1648 est
873 1584 967 1648 etiam
996 1582 1188 1666 psalterii
1216 1602 1253 1648 ex
1274 1583 1421 1649 Hebraeo

295 1685 584 1769 interpretationem
597 1686 698 1770 qualis
713 1686 743 1750 in
757 1686 915 1751 Amiatino
927 1684 1037 1751 codice
1050 1684 1227 1751 continetur
1240 1686 1273 1751 in
1286 1686 1421 1769 Speculo

298 1785 498 1870 deprehendi,
529 1808 719 1873 qeeamquam
746 1789 777 1854 S.
802 1790 996 1873 Augustinus
1019 1808 1119 1872 neque
1141 1790 1173 1854 in
1196 1788 1422 1857 conscribendo

295 1890 416 1975 ingenti
449 1892 504 1957 illc
538 1912 630 1977 opere
665 1892 749 1977 quod
773 1894 985 1957 enarrationes
1017 1893 1050 1956 in
1071 1892 1210 1975 psalmos
1231 1894 1421 1971 inscribitur,

298 2014 368 2059 eam
392 1994 543 2074 adhibuit,
575 2015 674 2079 nequo
705 2014 831 2079 sperare
853 1996 977 2078 poterat
998 1994 1064 2061 fore
1087 1996 1123 2059 ut
1144 1994 1310 2078 plebecula
1331 1994 1422 2061 illum

297 2096 488 2180 psalmorum
510 2098 630 2162 tentum
653 2099 808 2181 probaret.
844 2098 947 2163 sciens
970 2099 1076 2162 eutem
1098 2098 1316 2181 praetermitto
1339 2098 1423 2181 quod

296 2200 416 2265 incerto
448 2219 526 2266 anno
557 2200 587 2265 S.
619 2200 815 2284 Augustinus
849 2200 888 2265 de
921 2202 981 2265 hoe
1010 2200 1160 2283 psalterio
1190 2201 1231 2266 ad
1260 2200 1423 2266 Audacem

299 2305 408 2369 scribit
429 2304 527 2387 Epist.
552 2304 625 2383 261,
649 2305 686 2369 5:
711 2304 913 2369 Psattertum
928 2325 950 2367 a
970 2310 1080 2369 sancto
1097 2304 1289 2386 Hieronymo
1313 2309 1421 2369 trans-

299 2406 399 2472 latum
421 2428 459 2472 ea
480 2408 624 2473 Hebraeo
653 2428 718 2473 non
744 2408 863 2472 babeo:
896 2426 955 2473 nos
987 2412 1093 2473 autern
1124 2427 1191 2472 non
1223 2408 1424 2489 interpretati

298 2528 417 2597 sumas,
451 2511 504 2576 sai
536 2510 678 2577 codicum
699 2511 892 2576 Latinorum
925 2508 1100 2576 nonnullas
1132 2508 1354 2574 mendositates
1386 2530 1423 2574 ea

302 2612 433 2679 Graecis
454 2615 685 2697 exemplaribus
708 2616 955 2681 emendabimus.
986 2614 1071 2678 unde
1092 2614 1238 2695 fortassis
1258 2612 1425 2694 fecerimus

299 2716 425 2798 aliquid
458 2718 645 2783 commodius
678 2740 774 2799 paam
804 2723 882 2797 erat,
915 2737 982 2783 non
1011 2722 1118 2781 tamen
1148 2715 1210 2780 tate
1238 2716 1333 2797 quate
1361 2735 1424 2780 esse

299 2820 431 2887 debebat.
465 2822 659 2886 nemetiam
681 2842 768 2887 nunc
790 2840 871 2903 puae
890 2822 972 2904 forte
993 2840 1050 2886 nos
1077 2826 1153 2885 tune
1177 2822 1423 2902 praeterierant,

300 2924 328 2986 ei
351 2922 480 3006 tepentes
502 2924 669 3003 mouerint,
696 2922 819 2989 collatis
840 2922 999 2989 codicibus
1020 2924 1231 2988 emendamus.
1253 2924 1302 2988 r'ta
1330 2920 1423 2999 aaa,

299 3026 381 3107 qnod
402 3027 571 3109 perfectam
594 3032 647 3111 est,
669 3031 769 3091 tecum
791 3046 848 3091 nos
870 3046 986 3109 quoque
1007 3028 1200 3108 requirimus
1228 3026 1349 3111 (Migne
1371 3024 1423 3103 33,

301 3126 407 3209 1077).

343 3335 455 3417 ltaque
476 3334 657 3400 testimonie
680 3334 826 3418 quoniam
848 3334 1040 3417 interpolata
1054 3352 1123 3399 esee
1146 3334 1280 3413 condet,
1302 3336 1339 3399 nt
1355 3353 1424 3401 mos

300 3440 370 3515 fert,
400 3438 522 3503 uncinis
553 3438 671 3503 criticis
701 3436 898 3502 circumdare
929 3438 1093 3503 debebam.
1132 3437 1165 3502 at
1189 3458 1266 3503 uero
1288 3438 1425 3523 uestigia

302 3540 457 3624 quaedam
479 3540 634 3607 ueteris
657 3542 793 3606 textus
813 3542 845 3605 in
862 3540 1007 3607 codicum
1028 3540 1215 3608 lectionibus
1238 3540 1425 3607 delitescere
1539 3561 1542 3565 ⁴

300 3646 449 3712 uidentur
470 3644 590 3709 obruta.
629 3664 702 3709 nam
724 3645 859 3727 primum
883 3644 1008 3728 quidem
1035 3644 1162 3727 praeter
1181 3642 1245 3708 tria
1265 3644 1322 3709 illa
1343 3664 1424 3728 quae

302 3768 396 3832 supra
406 3748 581 3813 memorani
589 3747 613 3830 ¹)
627 3747 746 3813 intacta
759 3750 798 3812 ab
809 3746 1065 3830 interpolantium
1076 3746 1221 3813 manibus
1229 3747 1291 3812 duo
1300 3747 1426 3830 integra

300 3852 481 3918 testimonie
503 3850 592 3916 nobis
613 3851 832 3917 remanserunt
852 3851 885 3915 in
907 3851 1010 3934 eapite
1032 3850 1129 3916 VlllI
1156 3849 1195 3915 de
1218 3849 1350 3916 (lentim
1372 3848 1424 3929 74.
1564 3881 1565 3920 ι

300 3956 357 4020 22:
380 3957 506 4022 Adiuro
529 3976 594 4039 uos,
617 3956 706 4039 filiae
721 3956 935 4036 Hiemrsatem,
958 3956 996 4020 r‘n
1017 3954 1193 4020 uirtutibus
1207 3957 1287 4020 etin
1301 3956 1425 4019 uiribus

302 4060 383 4143 apri,
406 4062 436 4124 st
451 4060 636 4125 leuauerttis
651 4059 825 4143 caritatem
849 4060 1066 4143 quoadusque
1079 4054 1159 4124 uelit
1175 4058 1426 4145 (ὥρκισαῦμᾶς,
1564 4093 1565 4142 3

301 4164 483 4251 θυγατέρες
499 4162 730 4249 Ἰερουσαλήμ,
749 4164 786 4229 ἐν
799 4176 870 4241 ταις
885 4164 1066 4247 δυνάμεσιν
1082 4161 1165 4247 (cod.
1180 4160 1425 4242 Alexandrinus)
1564 4189 1565 4248 ι

406 4388 426 4453 ¹)
444 4384 513 4439 Vide
529 4402 554 4454 p.
573 4384 655 4439 XVII.
673 4402 711 4455 sq.
730 4384 806 4440 Pron.
825 4384 850 4449 9,
869 4384 909 4441 18.
930 4384 971 4450 10,
989 4386 1015 4441 4.
1031 4384 1074 4449 24,
1092 4385 1126 4439 ‘20
