3159 4967
404 422 451 477 Do
470 421 596 475 diuinis
614 422 792 492 seripturis
810 422 882 476 siue
903 422 1084 490 Speculum.
1247 420 1308 487 567

186 614 218 679 et
246 631 306 678 non
336 612 487 697 glorietur
515 612 606 678 fortis
634 612 666 677 in
697 630 755 677 sno
783 610 977 690 fortitudine,
1009 611 1042 675 et
1070 629 1131 675 non
1157 609 1310 693 glorietur

186 716 276 781 diuos
297 716 329 781 in
353 716 472 782 diuitiis
496 715 579 781 suis:
602 715 659 781 sed
681 715 712 780 in
735 716 794 779 hoo
810 714 962 798 glorietur
981 714 1035 797 qui
1049 714 1212 797 glorIutnm
1229 712 1310 777 seire

186 820 218 885 et
238 819 423 901 intellegere
438 819 513 902 qnia
535 837 593 902 ego
616 836 686 883 sum
715 816 859 885 dominus
882 817 935 900 qui
957 816 1039 882 seclo
1061 814 1311 882 misericordium

186 924 218 988 et
237 922 391 989 iudicium
413 923 445 988 et
465 921 621 987 iustitium
643 923 886 1005 superterram,
911 920 985 1004 quie
1006 922 1037 987 in
1060 921 1109 986 his
1132 922 1181 985 est
1195 920 1309 985 uolun-

158 1028 235 1093 stus
263 1046 345 1104 mea,
377 1026 454 1091 dioIt
485 1026 637 1091 dominus.
682 1026 783 1091 Item
811 1025 1020 1109 apostolus
1045 1023 1090 1089 ed
1111 1041 1309 1089 romanos:

184 1130 333 1195 Dioontes
357 1130 439 1195 enim
463 1148 531 1197 osso
555 1148 588 1195 se
612 1128 769 1212 sepientes
796 1128 886 1194 stulti
909 1128 985 1194 faeti
1010 1129 1091 1193 sunt.
1135 1127 1236 1191 Item
1265 1126 1312 1191 ud

185 1234 408 1299 corinthios
440 1234 473 1297 I:
507 1233 569 1298 Vbi
602 1232 749 1315 sopiens?
784 1232 840 1297 ubi
869 1232 994 1297 scribe?
1030 1231 1085 1296 ubi
1119 1230 1312 1313 conquisitor

185 1338 278 1402 huius
308 1336 450 1401 saeculi?
480 1354 580 1402 nonne
611 1336 743 1401 stultum
771 1334 848 1401 feeit
872 1336 950 1401 deus
973 1333 1159 1417 sapientium
1181 1330 1312 1397 mundi?

185 1441 284 1505 Item
312 1437 417 1504 illio:
448 1438 563 1503 Videte
592 1437 792 1503 uocationem
820 1437 971 1517 uestrum,
1000 1436 1124 1512 fratres,
1157 1434 1312 1517 quianon

148 1577 172 1616 m
184 1542 276 1607 multi
308 1542 466 1624 sepientes
496 1540 671 1606 seeundum
699 1559 837 1619 earnem,
868 1558 928 1604 non
957 1538 1050 1604 multi
1073 1537 1228 1622 potentes,
1251 1555 1312 1601 non

185 1644 277 1709 multi
300 1644 435 1710 nobiles:
459 1644 516 1710 sed
535 1663 615 1726 quoe
639 1643 738 1709 stulto
759 1643 833 1708 sunt
853 1643 947 1708 huius
969 1641 1079 1708 mundi
1103 1640 1201 1724 elegit
1224 1638 1311 1715 deus,

185 1750 221 1813 ut
243 1748 415 1813 confundet
436 1747 602 1830 sopientes,
627 1748 660 1812 et
679 1746 806 1812 infirmo
826 1746 936 1810 mundi
960 1746 1057 1828 elegit
1072 1744 1160 1824 deus,
1184 1742 1221 1807 ut
1236 1761 1313 1807 eon·

185 1851 296 1916 fundet
324 1850 427 1929 fortia,
458 1851 491 1917 et
516 1850 668 1933 ignobilia
691 1850 723 1914 et
744 1848 994 1932 contemptibilia
1022 1848 1119 1931 elegit
1148 1865 1229 1931 quoe
1252 1864 1311 1911 nou

186 1956 268 2034 sunt,
300 1955 336 2017 ut
369 1973 450 2037 quuo
484 1953 557 2020 snut
590 1953 752 2032 destituet,
788 1952 824 2018 ut
852 1972 913 2017 non
941 1951 1093 2035 glorietur
1117 1950 1216 2016 omnis
1239 1966 1313 2013 euro

149 2077 292 2129 meorum
328 2056 396 2123 deo.
442 2059 540 2123 Item
574 2057 676 2122 illie:
709 2056 810 2122 Nemo
842 2076 875 2121 se
905 2056 1004 2122 fallat.
1043 2056 1070 2120 si
1094 2054 1164 2138 quis
1186 2052 1313 2117 uidetur

187 2252 322 2326 glorietur
344 2252 460 2327 sapiens
481 2253 511 2310 in
534 2269 588 2310 sue
609 2251 751 2326 supientia
771 2266 886 2324 nsque
907 2250 937 2308 in
959 2250 1006 2309 his
1028 2251 1073 2309 ost
1087 2250 1219 2307 uoluntas
1241 2264 1312 2317 mon,

187 2339 256 2397 dioit
286 2338 424 2398 dominus.
468 2337 519 2396 Ad
547 2353 716 2396 romanos
739 2352 812 2409 oap.
835 2335 910 2394 IIII:
943 2336 1077 2394 Dicentes
1100 2334 1175 2393 onim
1198 2350 1228 2392 se
1251 2349 1313 2391 esse

187 2425 328 2499 sapientes
359 2423 441 2483 stulti
469 2423 537 2482 faeti
569 2424 643 2481 sunt
681 2421 723 2480 In
752 2421 919 2495 epistula
949 2420 991 2479 od
1020 2419 1314 2479 tesnlonieenses

187 2527 260 2585 oap.
349 2529 357 2568 ε
379 2510 433 2570 Vbi
448 2508 584 2583 sapiens?
605 2510 654 2567 ubi
670 2507 782 2567 scribat
825 2507 915 2565 Item
937 2524 1012 2580 esp.
1035 2506 1088 2565 VI:
1111 2504 1208 2565 Videte
1230 2518 1313 2562 noea-

147 2598 290 2655 eotionem
322 2597 448 2655 nestram
480 2610 594 2669 usque
624 2610 681 2653 non
714 2592 849 2667 glorietur
882 2593 972 2651 omnis
1007 2606 1072 2650 euro
1105 2606 1221 2664 quorum
1254 2588 1314 2646 deo.

185 2682 273 2740 Item
295 2698 368 2756 oop.
391 2682 488 2740 XIIII:
518 2683 607 2740 Nemo
630 2698 660 2739 so
683 2678 800 2738 seducat
829 2695 944 2752 usque
967 2676 1090 2750 sepienti
1111 2676 1196 2734 huius
1218 2672 1313 2732 mundi

187 2766 311 2827 stultitm
331 2770 376 2826 est
398 2767 473 2840 apud
494 2766 585 2826 deum.

188 2958 241 3001 sua
261 2958 377 3014 nsque
398 2942 468 2999 haee
490 2940 564 2999 onim
585 2940 699 3015 plaeont
720 2938 800 3008 mihi,
824 2938 866 2997 ait
887 2937 1026 2998 dominns.
1070 2937 1123 2995 Ad
1150 2950 1315 2996 romanos

188 3046 263 3101 eap.
286 3026 331 3085 II:
361 3026 495 3085 llioentos
524 3024 598 3085 enirn
621 3042 652 3083 so
674 3042 737 3083 esse
768 3024 912 3099 sepientes
944 3022 1024 3083 stulti
1051 3023 1120 3081 laeti
1143 3023 1219 3081 sunt.
1263 3019 1316 3079 Au

149 3113 395 3173 usoorintlrios
417 3112 433 3170 l
454 3129 526 3187 cap.
548 3111 578 3170 I:
608 3112 663 3170 voi
692 3111 826 3185 sepiens?
855 3110 905 3169 nbi
935 3110 1029 3168 souitu
1057 3126 1169 3184 usquo
1200 3108 1317 3167 stultam

188 3197 256 3257 feeit
286 3197 354 3256 dous
385 3198 554 3272 sapientium
583 3197 668 3256 lunius
689 3194 796 3255 mundi.
841 3196 928 3254 Item
951 3194 1037 3253 illio
1060 3212 1133 3270 oep.
1155 3195 1187 3253 1:
1218 3193 1317 3254 Videte

188 3285 263 3343 enim
283 3284 458 3343 uocationem
480 3285 614 3352 nestram,
637 3283 749 3351 fretrus,
772 3298 886 3356 nsque
908 3298 964 3339 non
980 3280 1116 3355 glorietur
1138 3280 1228 3339 omnts
1252 3294 1316 3338 earo

189 3370 219 3428 in
252 3371 402 3443 conspeetu
436 3370 506 3429 eins.
550 3369 639 3427 Item
661 3367 742 3426 illio
764 3383 839 3442 oap.
863 3366 921 3425 111:
956 3366 986 3424 Si
1016 3367 1080 3441 quis
1109 3366 1222 3426 uidetur
1244 3365 1317 3424 Inter

248 3550 492 3691 8-6130111t22
584 3548 706 3606 ulcor.
725 3550 749 3618 l,
767 3548 801 3602 20
891 3548 961 3603 oio.
980 3548 1082 3603 26-29
1177 3547 1317 3603 151001.

187 3637 245 3705 3,1
299 3636 333 3690 20

239 3808 373 3863 tineuis
390 3808 491 3862 diuitiis
509 3806 599 3863 MLO
710 3806 828 3876 8quie.
850 3806 1065 3875 .]of.394,11
1180 3806 1318 3875 taposto·

188 3914 228 3968 lus
253 3914 285 3979 S,
312 3912 405 3982 paulus
429 3910 515 3965 MLO
598 3911 614 3964 6
638 3926 667 3964 se
691 3926 748 3964 esse
770 3910 903 3978 sepientes
924 3909 1043 3977 Muto,
1071 3882 1269 3977 esse”supieus
1289 3910 1318 3975 (’⁸

189 3999 311 4068 m.1)S
411 3995 446 4052 ed
463 3995 589 4051 corintios
606 3996 690 4065 prr'ma
708 3997 744 4050 Μ
846 3994 926 4049 lubi
944 4002 988 4049 enl
1005 3995 1103 4064 sepo
1203 3995 1220 4049 8
1241 3994 1318 4048 huius

189 4084 280 4140 mundi
298 4084 398 4140 MLOu
501 4084 518 4136 lt
535 4081 582 4136 ubi
599 4098 677 4152 supm
694 4082 783 4137 HLO
879 4083 912 4135 13
930 4082 1019 4151 elegIt]
1040 4082 1106 4137 uctct.
1126 4083 1154 4136 et
1172 4082 1214 4154 (ut
1231 4082 1269 4151 L)
1287 4097 1319 4135 eu

188 4189 291 4244 MLGo
393 4186 579 4241 reuertitur
604 4185 636 4250 S,
668 4188 778 4241 eueouet
800 4184 898 4249 MLO,
929 4184 1111 4240 destruereto
1216 4185 1248 4238 15
1266 4172 1318 4237 dno

191 4275 213 4329 0
310 4273 374 4343 illie]
392 4271 438 4326 ubi
456 4287 534 4341 supro
551 4270 647 4339 Meo,
677 4271 712 4326 ed
728 4285 851 4327 romanos
874 4272 900 4326 V
998 4271 1032 4325 18
1048 4271 1120 4326 tesal
1138 4292 1169 4337 α,
1196 4272 1228 4325 iu
1245 4287 1318 4325 mar-

189 4362 253 4431 poue
270 4361 381 4429 signum
398 4374 412 4411 r
