3159 4967
386 460 434 513 De
452 458 581 513 diuinis
599 461 778 529 seripturis
795 460 867 514 siue
886 461 1065 531 Speculum.
1227 462 1289 529 591

158 647 267 713 illie:
301 648 371 713 Non
398 649 431 713 te
460 648 596 715 uentiles
623 649 655 714 in
680 669 803 715 omnem
826 651 966 727 uentum,
992 650 1024 715 et
1046 669 1106 715 non
1130 669 1184 716 eas
1207 650 1290 715 emni

161 750 224 827 uia,
258 752 293 814 ut
327 754 535 835 prosequatur
567 754 601 818 te
635 754 767 818 uerbum
800 753 888 837 paeis
923 754 955 817 et
985 752 1144 819 scientiae.
1191 754 1290 820 Item

160 854 269 918 illie:
305 855 365 921 Cui
397 856 516 921 suffieit
548 857 692 922 nuntiare
721 875 817 939 opera
849 857 957 923 illius?
990 876 1051 922 nen
1080 858 1129 923 est
1149 858 1290 923 minuere

162 976 263 1041 neque
287 958 411 1023 adicere
434 978 536 1042 neque
557 960 699 1025 inuenire
721 960 882 1043 maguntia
906 960 965 1025 dei.
1004 960 1107 1025 Item
1128 961 1166 1026 in
1187 960 1290 1026 libre

134 1061 400 1144 asapientiae:
434 1062 571 1127 Difficile
607 1063 812 1129 aestimamus
847 1082 928 1147 quae
961 1064 993 1127 in
1025 1062 1113 1128 terra
1146 1064 1227 1139 sunt,
1260 1065 1292 1128 et

163 1182 243 1247 quae
270 1164 303 1229 in
330 1166 499 1248 prospectu
526 1166 599 1230 sunt
626 1166 804 1231 inuenimus
828 1184 900 1231 eum
921 1165 1046 1231 labore:
1081 1184 1161 1247 quae
1185 1166 1291 1233 autem

161 1267 194 1331 in
221 1268 320 1333 caelis
348 1269 430 1346 suut,
461 1268 531 1350 quis
559 1268 787 1351 inuestigabit?
822 1287 950 1335 sensum
977 1267 1084 1332 autem
1109 1268 1199 1333 tuum
1222 1268 1291 1352 quis

162 1372 253 1449 sciet,
288 1372 348 1437 nisi
380 1373 416 1437 tu
451 1371 577 1437 dederis
611 1372 819 1454 sapientiam?
863 1373 963 1435 Item
1002 1370 1207 1452 apestolus
1245 1371 1292 1437 ad

161 1493 359 1540 romanos:
388 1474 573 1540 ealditune
603 1474 787 1539 diuitiarum
817 1475 850 1539 et
876 1474 1050 1557 sapientiae
1080 1475 1112 1539 et
1140 1474 1291 1539 scientiae

123 1599 150 1638 ιο
163 1578 234 1643 dei!
269 1597 364 1660 quam
395 1576 614 1643 inscrutabilia
646 1579 720 1643 sunt
752 1576 872 1642 iudicia
895 1578 963 1642 eins
993 1578 1025 1643 et
1053 1577 1292 1659 inuestigabiles

163 1682 235 1745 uiae
256 1681 371 1763 ipsius!
395 1681 465 1763 quis
489 1680 572 1745 enim
595 1680 744 1763 cognonit
766 1699 893 1767 seusam
913 1680 1051 1746 domini?
1075 1681 1130 1745 aut
1151 1680 1222 1763 quis
1244 1680 1292 1745 illi

163 1784 360 1851 consiliarius
392 1784 474 1849 fuit?
507 1784 563 1849 aut
595 1785 665 1867 quis
698 1784 782 1866 prior
817 1784 906 1850 dedit
934 1785 963 1850 ei
986 1784 1018 1849 et
1039 1783 1191 1849 reddetur
1223 1782 1291 1848 iili?

163 1888 310 1970 quoniam
346 1907 383 1952 ex
414 1889 482 1970 ipso
512 1888 544 1953 et
570 1907 626 1971 per
655 1888 760 1970 ipsum
783 1888 816 1955 et
837 1889 867 1954 in
890 1890 958 1971 ipse
982 1888 1056 1953 sunt
1084 1887 1197 1953 emnia.
1231 1885 1292 1969 ipsi

162 1990 265 2073 gloria
285 1992 318 2056 in
341 1992 471 2057 saecula
492 1993 701 2057 saeculorum.

125 2218 254 2278 reltem
276 2235 354 2293 eap.
376 2218 449 2278 1111:
471 2221 535 2279 Neu
556 2218 677 2278 uentiles
699 2220 728 2278 te
749 2219 780 2277 in
803 2219 877 2278 omui
899 2221 995 2279 uentu.
1032 2219 1120 2277 Item
1144 2233 1215 2292 esp.
1283 2236 1291 2274 ε
1323 2238 1343 2277 oe

164 2304 216 2363 (tui
237 2304 344 2363 suffieit
364 2304 552 2363 ieiunantiare
580 2321 664 2379 opera
692 2304 779 2364 illius.
823 2306 866 2364 Iu
888 2305 983 2363 libre
1006 2303 1196 2378 sapientie
1218 2320 1290 2377 eap.

162 2390 237 2449 IIII:
260 2389 381 2449 Diffieils
405 2390 587 2449 aestimamus
610 2408 681 2465 quae
704 2391 735 2449 in
756 2393 832 2449 terra
847 2393 915 2449 sunt
935 2407 1045 2464 usque
1068 2389 1125 2447 nisi
1140 2390 1173 2447 tu
1186 2388 1291 2446 uideris

165 2475 314 2550 sapientia.
358 2475 494 2535 Paulus
517 2476 558 2534 ad
579 2492 746 2535 remanes
770 2493 844 2551 cap.
868 2476 999 2536 XXXVI:
1029 2474 1052 2533 0
1076 2473 1195 2532 altitudo
1219 2473 1291 2532 diui-

163 2561 267 2619 tiarum
289 2578 402 2635 usque
424 2561 454 2619 in
477 2560 572 2619 serula
594 2560 759 2620 seculorum.

124 2782 151 2821 eo
165 2765 198 2824 de
231 2765 359 2824 uanitate
393 2764 514 2823 detinuit
547 2780 648 2824 sensus
681 2764 802 2824 illerum.
846 2764 937 2823 Item
966 2779 1041 2839 cap.
1064 2762 1138 2822 lffl:
1172 2762 1236 2822 Non
1263 2763 1290 2819 te
1321 2784 1344 2841 μ

164 2852 284 2911 neutiler
300 2852 330 2909 in
346 2867 453 2910 omnem
468 2852 584 2910 uentum
604 2867 717 2924 usque
738 2853 856 2910 uerbum
878 2850 957 2925 pacis
980 2851 1008 2907 et
1030 2848 1166 2908 iustitiae.
1204 2847 1292 2905 Item

166 2954 239 3011 eap.
262 2938 306 2995 X:
337 2937 408 3008 Quis
437 2935 544 2995 suffieit
565 2936 710 2994 enuntiare
733 2954 818 3011 opera
839 2936 917 2995 iilius
939 2952 1051 3009 usque
1073 2952 1125 2994 nee
1147 2935 1191 2992 est
1212 2933 1290 2991 inue-

165 3024 226 3082 nire
258 3022 404 3096 magnalia
436 3021 489 3079 dei.
532 3022 573 3079 In
602 3022 695 3080 libro
726 3022 935 3097 sapientiae
966 3038 1040 3095 eap.
1064 3020 1134 3079 1111:
1168 3018 1290 3078 Difficile

165 3108 348 3167 aestimamus
371 3124 442 3181 quae
470 3108 500 3164 in
521 3108 598 3165 terra
620 3108 687 3166 sunt
708 3125 822 3183 usque
845 3106 903 3166 nisi
924 3106 956 3166 tu
978 3104 1088 3165 dederis
1112 3104 1290 3181 sapientiam.

125 3194 299 3252 aePaulus
322 3194 366 3251 ad
386 3208 551 3252 remanes
575 3210 647 3267 eap.
672 3192 771 3252 XHII:
802 3192 826 3253 0
849 3192 969 3253 altitude
991 3192 1155 3251 diuitiarum
1176 3206 1291 3264 usque

165 3279 195 3337 in
217 3279 330 3338 saecula
351 3278 534 3339 saeculorum.

269 3492 381 3547 lEeeli.
399 3492 423 3555 5,
442 3491 459 3544 9
478 3490 519 3557 (11
540 3491 568 3545 et
587 3489 629 3554 12)
720 3490 834 3545 itiieeli.
855 3490 896 3555 18,
914 3490 931 3543 2
950 3490 1060 3558 etta.
1080 3492 1106 3557 5)
1197 3490 1291 3559 esap.

164 3578 190 3640 9,
210 3576 242 3631 16
261 3580 288 3631 et
307 3577 339 3631 17
442 3575 732 3640 sisennius-ae

218 3784 231 3836 1
259 3782 305 3836 ubi
328 3798 408 3853 supra
428 3784 518 3840 MLG
617 3784 646 3837 in
670 3783 740 3837 omni
763 3784 844 3837 uento
868 3782 958 3838 Mne
1059 3783 1166 3851 omni(i
1184 3783 1216 3836 ire
1233 3798 1291 3838 rae.

164 3870 218 3923 titt.
239 3871 292 3935 em)
310 3868 343 3937 S,
372 3867 490 3923 inomni
507 3869 535 3923 L
629 3868 726 3938 3sslie]
744 3869 773 3922 in
792 3868 968 3923 eeclesiastico
988 3868 1079 3923 MLO
1171 3868 1294 3922 nuntiare

165 3953 200 4017 S,
227 3956 364 4009 enuntiare
382 3956 473 4011 MLO
557 3955 822 4009 deestimauimusL
907 3955 1226 4010 deterrumum

163 4055 215 4110 que
239 4040 262 4096 8
362 4040 573 4110 tinuestigauit
596 4040 658 4095 Mo
758 4041 849 4095 8seit
871 4040 961 4095 MLO
1060 4040 1126 4093 9et
1144 4045 1209 4093 mute
1226 4040 1294 4109 sapi-

163 4126 254 4180 entiae
283 4140 332 4180 om.
363 4126 466 4181 Mica
575 4125 607 4179 10
635 4126 717 4195 ipsius
747 4127 845 4181 MLO:
872 4126 927 4181 eius
957 4126 994 4182 Sa
1025 4125 1071 4195 (ef.
1102 4130 1166 4190 297,
1196 4127 1224 4193 3)

165 4212 197 4265 11
220 4211 259 4267 ilii
282 4212 447 4266 consiliarius
466 4212 501 4268 S:
530 4212 694 4266 consiliarius
713 4211 768 4265 eius
786 4213 891 4268 Mncv
995 4211 1028 4265 12
1050 4212 1210 4266 retribuetur
1233 4211 1296 4267 ML

169 4296 207 4353 Ge
311 4298 344 4351 13
365 4298 394 4351 in
415 4298 473 4366 ipso
495 4300 559 4351 sunt
583 4297 720 4353 Sernes:
750 4297 894 4369 iepeadrem
917 4299 945 4351 in
967 4299 1052 4368 ipsum
1075 4299 1111 4365 ef.
1130 4301 1193 4367 297,
1211 4300 1228 4353 5
1247 4298 1296 4366 (eie

163 4380 259 4451 αὐτόν)
364 4382 397 4437 14
414 4382 585 4452 raesulemm]
604 4382 672 4437 add.
690 4398 767 4437 amen
785 4384 822 4439 Ge
