3159 4967
1205 454 1281 500 XVII

194 620 240 685 Ac
263 618 327 685 iam
348 618 585 685 Desiderins
608 619 831 704 arsamum)
852 622 936 685 hunc
957 620 1072 687 librum
1096 622 1148 687 uix
1167 623 1279 706 Angu-

151 723 234 789 stiae
259 740 293 787 se
314 721 413 789 finisse
437 722 647 805 ascripturum
672 722 800 801 ramur,
828 722 890 789 uisi
912 724 1076 789 Possidius
1099 726 1282 791 nominatim

151 825 199 891 illi
224 825 430 903 attribuisset
454 843 512 891 nec
534 825 761 907 praefationem
785 826 895 891 censet
918 827 956 891 ab
980 827 1048 891 eins
1070 828 1144 893 stilo
1168 830 1282 895 abhor-

153 948 233 995 rere.
271 930 382 1012 postea
403 947 480 993 aero
503 948 598 1011 quam
620 929 772 995 Erasmus
795 946 878 1011 quae
900 930 1079 1012 suspicatus
1095 932 1144 996 est
1158 934 1284 999 cautius

152 1032 302 1113 protulit,
340 1034 420 1099 bene
456 1033 521 1097 iam
555 1033 756 1115 Dupinius
770 1034 796 1115 Ω)
828 1052 896 1098 rem
932 1036 1091 1117 perspexit
1125 1037 1283 1122 pauloque

154 1134 269 1200 melius
291 1136 450 1201 uastauit.
489 1136 541 1218 qui
565 1135 692 1218 quidem
715 1136 784 1200 fieri
805 1137 946 1218 potuisse
969 1138 1139 1203 arbitratus
1163 1142 1221 1218 est,
1248 1144 1285 1207 ut

155 1238 186 1301 in
220 1238 472 1305 testimoniorum
505 1238 711 1332 genuinorum
748 1241 853 1306 locum
887 1241 985 1306 uerba
1016 1242 1284 1325 interpretationis

155 1342 268 1423 postea
289 1342 440 1427 riulgatae
464 1343 737 1409 substituerentur.
767 1344 837 1409 turn
852 1345 1007 1409 lohannes
1028 1345 1283 1431 Phereponus

158 1444 314 1529 (Ireclerc)
348 1445 494 1512 totitatis
527 1446 805 1513 Benedictinorum
838 1448 1030 1531 argumentis
1063 1466 1125 1515 non
1160 1452 1286 1518 abiudi-

158 1548 293 1612 candum
320 1551 377 1614 hoc
402 1568 479 1631 opus
502 1550 689 1633 Augustino,
721 1550 780 1615 sed
810 1550 976 1616 citationes
1006 1551 1180 1634 scripturae
1211 1556 1286 1623 olim

157 1667 228 1714 esee
246 1654 433 1717 amonacho
456 1652 603 1735 quopiam
625 1654 764 1718 mutatas
788 1654 951 1719 indicauit.
983 1652 1117 1736 denique
1131 1657 1287 1740 Dupinius

159 1754 390 1821 adsentientem
419 1758 532 1821 nactus
563 1756 612 1822 est
640 1757 833 1822 Ricoardum
855 1756 1099 1840 simonenia),
1131 1761 1184 1844 qui
1214 1781 1287 1829 oum

159 1876 289 1939 operum
311 1860 396 1925 illius
412 1879 577 1925 censmam
595 1860 712 1943 ageret,
736 1880 770 1924 re
793 1879 871 1925 uera
893 1860 1012 1924 sactum
1035 1879 1103 1924 esse
1127 1864 1290 1931 contendit

159 1960 384 2045 hominumque
415 1961 578 2028 doctorum
614 1964 778 2029 sententiis
809 1982 878 2028 esse
908 1964 1084 2046 probatam,
1120 1967 1204 2046 quod
1232 1968 1288 2034 ille

160 2062 230 2128 lieri
251 2066 392 2147 potuisse
417 2065 547 2130 dixerat.

205 2185 276 2266 Qua
301 2186 331 2250 in
357 2186 567 2268 disputatione
592 2186 674 2251 omni
698 2206 769 2251 cum
793 2186 928 2252 certiora
951 2189 1137 2268 argumenta
1159 2189 1289 2257 deside·

161 2288 279 2367 rentur,
313 2288 429 2353 librum
458 2290 560 2372 ipsum
590 2290 802 2355 reuoluamus.
842 2289 1011 2371 atque49‚
1037 2289 1078 2353 10
1110 2290 1141 2353 in
1166 2292 1290 2376 epilogo

164 2391 277 2473 capitis
291 2392 337 2457 VI
360 2393 511 2474 scriptum
533 2392 670 2474 legimus
684 2411 814 2458 uersum
834 2392 926 2457 illum
947 2394 980 2457 in
995 2393 1169 2459 uetustiore
1190 2396 1292 2461 inter-

163 2494 338 2577 pretatione
372 2496 627 2562 celeberrimum:
661 2496 712 2560 Ab
742 2516 831 2577 aquo
859 2496 969 2561 aliem
998 2496 1119 2561 obsitae
1148 2502 1177 2562 te
1205 2502 1236 2563 et
1256 2500 1293 2563 cle

164 2596 252 2678 fonte
281 2598 386 2665 alcano
414 2620 454 2665 coe
482 2600 596 2665 biberis
626 2600 703 2683 (ἀπὸ
733 2600 769 2663 δὲ
799 2599 921 2676 ὕδατος
944 2600 1118 2683 ἀλλοτρίου
1141 2602 1293 2687 &nouzon

165 2704 221 2765 καὶ
243 2704 312 2767 ἀπὸ
333 2715 439 2788 πηγῆς
462 2704 634 2788 ἀλλοτρίας
655 2703 698 2785 μὴ
721 2706 799 2787 πίῃς
819 2701 911 2766 Prou.
935 2700 966 2777 9,
991 2702 1055 2782 18),
1093 2719 1173 2782 quae
1195 2704 1294 2769 uerba

165 2804 196 2869 in
220 2803 252 2869 S.
274 2804 457 2889 Hieronymi
479 2804 738 2887 interpretatione
761 2804 880 2869 frustra
902 2804 1102 2886 quaeruntur.
1141 2806 1293 2888 sequitur,

166 2909 202 2971 ut
225 2908 414 2991 quicumque
436 2908 518 2972 huno
546 2907 662 2971 librum
685 2906 823 2972 confecit
845 2926 917 2971 enm
941 2907 1155 2973 existimemus
1178 2927 1238 2973 non
1261 2908 1293 2973 S.

165 3010 349 3095 Hieronymi
378 3011 522 3076 uereione
552 3029 644 3075 usum
675 3029 754 3088 esse,
785 3009 841 3075 sed
872 3011 1078 3075 uetustiorem
1100 3010 1232 3076 bibliam
1257 3030 1294 3076 ex

171 3114 294 3179 Graeco
316 3132 442 3179 uersam
463 3115 495 3179 in
517 3114 662 3179 manibus
684 3114 833 3179 habuisse
857 3132 1050 3179 censeamus.
1085 3112 1297 3196 Augustinum

168 3235 244 3282 uero
273 3218 305 3281 in
337 3235 394 3283 sue
422 3217 566 3284 uersione
597 3217 677 3281 illud
706 3217 923 3282 testimonium
945 3217 1098 3300 scriptum
1118 3217 1236 3299 legisse
1260 3218 1323 3281 ex'

168 3321 258 3399 locis,
286 3320 318 3385 in
342 3322 455 3404 quous
478 3321 704 3386 commemorat
726 3322 758 3385 et
782 3321 927 3402 explicat,
957 3320 1135 3384 luculenter
1158 3320 1296 3402 apparet.

170 3424 268 3506 Epist.
295 3423 366 3501 108,
392 3426 419 3503 1,
446 3426 473 3488 1.
496 3425 537 3489 ib.
561 3425 592 3501 2,
615 3426 645 3489 6.
684 3426 720 3489 ln
743 3426 757 3488 I
780 3426 847 3489 Ioh.
870 3424 963 3489 tract.
987 3428 1017 3503 6,
1041 3426 1071 3501 3,
1097 3426 1146 3488 11.
1177 3424 1297 3506 (Migne

171 3528 222 3605 33,
246 3527 319 3593 405.
343 3528 416 3594 408.
439 3528 491 3605 35,
515 3528 622 3610 2027.)
654 3528 692 3591 of.
718 3528 900 3610 suspectum
932 3527 971 3591 de
996 3527 1119 3591 unitate
1143 3524 1298 3589 ecclesiae

170 3630 284 3695 librum
307 3631 359 3707 23,
383 3631 425 3695 65
456 3632 488 3695 et
516 3631 597 3695 infra
618 3632 692 3708 590,
716 3632 746 3695 5.
783 3649 874 3713 porro
905 3650 943 3695 or
974 3632 1084 3695 eodem
1114 3630 1195 3696 libro
1218 3632 1298 3696 Pro-

276 3838 295 3903 ¹)
313 3838 381 3907 Aug.
400 3852 439 3905 op.
457 3834 503 3891 111.
522 3835 585 3891 Bas.
604 3834 678 3890 1528.
696 3852 721 3903 p.
740 3835 798 3892 644.

278 3932 299 4001 ¹)
316 3930 444 3985 Nouuelle
465 3929 654 3999 Bibliotheque
677 3928 723 3983 des
741 3930 856 3983 Autenrs
873 3928 1101 3997 Ecclesiastiques,
1124 3943 1172 3996 par
1187 3926 1254 3981 lire.
1270 3927 1302 3985 L.

174 4016 254 4070 lllliea
279 4016 377 4085 Dupin.
399 4018 471 4071 tomo
489 4013 534 4071 IIL
561 4014 616 4069 Des
643 4016 757 4069 Autome
784 4014 821 4067 du
846 4014 993 4082 oinqniemc
1019 4013 1105 4069 siecle.
1132 4012 1208 4067 Paris
1227 4013 1300 4068 1689.

73 4164 78 4173 .
172 4118 230 4171 aaa·
250 4100 308 4157 686·

275 4196 297 4267 ³)
316 4196 433 4265 Critique
457 4196 489 4249 de
511 4196 539 4249 la
559 4194 745 4265 amoenoque
769 4194 816 4248 des
837 4196 951 4249 Anteurs
974 4195 1193 4267 Ecclesiastiqnes
1211 4199 1239 4251 et
1256 4196 1302 4249 des

175 4280 376 4351 Ptolepomtnea
401 4280 434 4335 dc
456 4282 484 4335 la
504 4280 591 4343 Billa,
618 4280 722 4349 publiea
744 4296 793 4349 par
814 4278 851 4335 11.
868 4280 940 4335 Elios
958 4281 1047 4349 Dupin
1068 4298 1130 4337 aveo
1148 4282 1195 4337 des
1213 4282 1302 4337 aeldr-

175 4368 315 4423 ciaoemens
328 4412 334 4424 .
348 4410 373 4425 ..
391 4384 440 4437 par
456 4368 500 4422 feu
516 4366 566 4423 Mr.
583 4368 698 4421 Pdohard
715 4366 814 4423 Simon.
831 4369 904 4421 tome
919 4366 941 4421 1.
959 4367 1034 4421 Poris
1054 4368 1126 4423 1730.
1145 4386 1170 4438 p.
1191 4368 1248 4422 148.

227 4470 284 4537 ΧΠ,
303 4472 369 4541 Aug.
389 4473 414 4541 3,
431 4484 450 4521 ι.
1128 4471 1146 4525 1)
