3159 4967
290 400 356 467 618
515 398 564 451 De
581 396 710 451 diuinis
726 395 912 465 scripturis
931 396 1003 449 siue
1021 392 1204 463 Speculum.

291 606 353 653 non
374 586 563 669 intellegent
583 584 661 669 quid
674 582 865 668 cogitauerit
881 582 921 649 de
943 582 999 647 illo
1020 582 1100 649 dene
1117 584 1148 649 et
1163 600 1262 666 quare
1276 582 1437 647 munierit

290 690 383 755 illum
407 689 562 754 dominus.
599 687 673 753 illos
695 687 803 753 autem
826 686 972 753 dominus
994 684 1153 753 inridebit
1187 687 1222 773 et
1242 686 1335 749 erunt
1356 688 1435 768 post

291 794 373 859 haec
403 791 587 857 decidentes
617 789 685 855 sine
714 790 832 855 bonore
855 787 888 853 et
909 788 941 853 in
964 788 1159 853 contumelia
1179 788 1263 853 inter
1283 788 1434 853 mortuos

290 895 325 960 in
354 895 551 978 perpetuum.
595 892 694 957 Item
723 892 761 956 in
793 888 1009 973 euangelio
1032 890 1249 957 seeundum
1278 890 1434 955 lucam:

290 997 395 1064 Homo
418 995 549 1080 quidam
570 996 640 1061 erat
654 995 756 1073 diues,
779 992 813 1059 et
833 993 1024 1061 induebatur
1045 1012 1218 1077 purpuram
1239 994 1273 1057 et
1285 993 1433 1078 byssum,
1460 1006 1477 1047 ε

292 1100 326 1164 ot
355 1098 542 1183 epulabatur
570 1097 702 1163 cottidie
732 1096 906 1181 splendide.
946 1096 979 1161 ot
1009 1096 1077 1161 erat
1107 1097 1238 1179 quidam
1259 1095 1435 1163 mendicus

291 1203 417 1269 nomine
438 1201 574 1279 lazarus,
597 1200 652 1283 qni
673 1199 801 1265 iacebat
823 1197 864 1263 ad
885 1198 1013 1264 ianuam
1037 1199 1105 1265 eius
1119 1200 1281 1266 ulceribus
1301 1198 1434 1281 plenus,

291 1305 422 1388 cupiens
451 1303 588 1369 saturari
618 1320 656 1368 ex
683 1302 734 1369 liis
764 1320 846 1385 quae
873 1301 1031 1369 cadebant
1054 1301 1095 1365 de
1117 1321 1228 1368 mensa
1250 1301 1374 1379 diuitis,
1401 1304 1436 1367 et

186 1448 190 1456 ·
290 1426 383 1475 nemo
411 1407 460 1473 ilii
486 1406 591 1472 dabat.
630 1404 687 1471 ssd
710 1406 743 1471 et
764 1423 860 1471 canes
882 1404 1054 1471 ueniebant
1077 1406 1110 1469 et
1130 1404 1295 1489 lingebant
1316 1404 1436 1469 ulcera

291 1512 369 1579 eius.
406 1509 528 1576 lactum
558 1509 607 1574 eet
637 1508 743 1573 autem
772 1508 810 1572 nt
839 1508 1014 1573 moreretur
1042 1507 1167 1572 lazarus
1198 1506 1366 1572 mendicus
1401 1508 1436 1572 et
1449 1528 1475 1567 ro

290 1613 470 1698 portaretur
493 1614 532 1679 ab
557 1611 679 1695 angelis
699 1611 732 1677 in
755 1611 826 1676 sinn
850 1612 996 1677 abrahae.
1027 1612 1172 1677 mortuus
1196 1612 1245 1677 est
1263 1612 1373 1675 autem
1400 1614 1435 1677 et

291 1716 382 1783 diues
412 1716 445 1793 et
473 1712 616 1798 sepultus
646 1715 695 1780 est
722 1714 755 1779 in
784 1714 949 1781 infernum.
986 1715 1018 1780 et
1052 1714 1181 1782 eleuans
1216 1712 1327 1781 oculos
1351 1732 1431 1779 cum

291 1819 378 1885 esset
405 1816 438 1883 in
464 1817 641 1896 tormentis,
670 1816 761 1883 uidet
790 1818 943 1884 abraham
971 1818 1011 1883 de
1039 1818 1144 1901 longe,
1176 1818 1209 1883 et
1229 1816 1374 1883 lazarum
1399 1818 1433 1882 in

291 1920 363 1987 sinu
394 1920 462 1987 eins
491 1920 753 2003 requiescentem.
792 1920 825 1987 et
847 1920 1039 1987 exclamauit
1060 1940 1140 1988 uoce
1162 1938 1279 2005 magna
1301 1918 1432 1986 dicens:

288 2023 382 2107 pater
411 2024 573 2102 abraham,
602 2022 839 2091 misereremei
863 2025 896 2089 et
916 2026 1008 2091 mitto
1029 2025 1181 2103 imaum,
1212 2026 1246 2090 ot
1265 2024 1470 2108 intinguatn

290 2145 451 2193 summum
484 2126 576 2209 digiti
610 2126 659 2192 sni
691 2127 723 2192 in
754 2145 870 2209 aquarn
894 2128 927 2191 et
947 2128 1115 2211 rofi-igeret
1142 2128 1285 2213 linguam
1308 2146 1430 2205 meum,

289 2232 366 2313 qnia
387 2233 510 2295 crucior
531 2229 565 2295 iu
586 2230 646 2295 huc
668 2230 808 2296 flamma.
839 2231 872 2295 et
891 2231 970 2297 dixit
991 2231 1039 2297 iili
1055 2232 1221 2297 abraham:
1244 2230 1430 2311 recordare,

289 2332 346 2413 lili,
370 2332 445 2416 qnia
466 2333 635 2417 percepisti
656 2334 740 2399 bona
760 2334 792 2397 in
809 2333 877 2398 uita
890 2333 957 2413 tua,
975 2335 1007 2399 et
1021 2335 1146 2401 lazarus
1161 2333 1309 2399 similiter
1322 2334 1430 2401 mala:

237 2579 261 2620 a
289 2561 372 2620 lnce
394 2578 469 2636 cap.
492 2561 572 2621 XVI:
603 2560 693 2620 Homo
723 2558 836 2635 quidem
866 2562 927 2619 erat
956 2560 1036 2621 diues
1059 2564 1088 2620 et
1108 2560 1277 2622 induebatur
1299 2580 1431 2639 purpura

288 2662 407 2721 nsque
428 2647 454 2706 si
477 2648 543 2721 quis
565 2663 600 2705 ex
620 2646 740 2706 mortuis
762 2647 924 2717 surrexerit,
948 2645 1065 2707 credunt
1087 2648 1121 2707 ei.
1443 2678 1468 2716 ‚e

236 2885 262 2948 pc
287 2868 373 2928 linem
387 2868 527 2942 sapientis
543 2884 657 2943 nsque
679 2869 891 2928 intermortuos
908 2870 1127 2945 inperpetuum.
1164 2870 1204 2929 In
1227 2873 1428 2946 euangelio

287 2954 393 3014 lucae
415 2968 488 3028 cup.
511 2954 593 3013 XXI:
622 2954 713 3013 Homo
735 2954 850 3029 qnidam
872 2957 934 3014 erat
954 2956 1034 3016 diues
1056 2960 1086 3014 et
1106 2956 1275 3017 induebatur
1297 2976 1428 3033 purpura

287 3056 402 3115 nsque
425 3039 451 3098 si
473 3041 537 3114 quis
560 3058 594 3099 er
615 3040 734 3099 mortuis
755 3041 950 3111 resurrexerit,
974 3042 1087 3101 credent
1109 3041 1143 3100 ei.

291 3242 295 3251 '
391 3244 408 3298 5
425 3243 487 3300 Luc.
508 3246 549 3312 16,
569 3247 669 3301 19-31

340 3440 523 3497 ldeiliisL
608 3444 696 3497 acrba
714 3446 742 3497 et
760 3460 839 3513 qnare
857 3460 891 3497 m.
910 3445 927 3499 i.
945 3444 1066 3500 dominus
1085 3461 1136 3501 om.
1155 3446 1267 3502 mo
1357 3448 1424 3504 Sin

285 3527 448 3582 contumelia
473 3528 547 3594 (-iam
574 3529 610 3596 L)
636 3530 673 3583 Μ
680 3529 789 3585 vncos
824 3546 875 3585 oea
904 3531 928 3587 S
952 3530 999 3601 (cf.
1027 3535 1087 3597 616,
1110 3533 1172 3601 10),
1207 3532 1248 3593 ele
1272 3534 1353 3605 ὕβριν

286 3714 310 3770 8
409 3717 557 3785 bpurpurc
573 3717 680 3774 Mncv
781 3717 883 3773 bissum
900 3720 941 3785 L,
971 3719 1052 3791 bysso
1070 3723 1108 3779 Ge
1211 3724 1424 3795 daepulabatur

286 3800 346 3857 SM
434 3802 561 3857 cottidiae
579 3802 609 3867 8,
635 3802 732 3859 cotidie
749 3804 841 3861 MLO
934 3806 1089 3876 splendidae
1108 3810 1156 3867 SL
1252 3810 1321 3866 7sd
1337 3811 1422 3865 ianua

283 3886 323 3941 Μ
411 3885 428 3941 8
446 3889 600 3945 utereris
687 3890 788 3960 erbis]
807 3890 932 3947 demitis
954 3894 992 3949 Co
1081 3896 1116 3951 de
1132 3912 1225 3953 mensa
1241 3897 1267 3953 d.
1285 3896 1423 3953 cedebat

284 3974 313 4028 L
423 3972 457 4028 10
482 3975 622 4031 moriretur
648 3976 672 4033 S
781 3979 811 4032 ll
840 3978 900 4034 sinu
928 3979 1033 4037 SMLO
1141 3986 1232 4039 autem
1258 3986 1300 4039 est
1329 3986 1352 4040 G

285 4061 319 4116 la
343 4063 479 4132 saepultus
500 4063 537 4116 Μ
637 4065 667 4118 in
688 4064 791 4120 inferno
815 4065 853 4122 Co
957 4070 986 4123 et
1009 4070 1115 4125 eleuans
1140 4071 1173 4125 S:
1202 4072 1311 4127 eleuans
1328 4078 1421 4129 autem

283 4147 388 4203 nme
488 4148 579 4203 oculos
597 4165 657 4203 suos
675 4150 781 4207 Mtte
884 4154 918 4209 ta
935 4154 1005 4211 uidit
1023 4156 1098 4219 too,
1129 4155 1181 4226 ὁρᾷ
1284 4157 1329 4229 de]
1348 4176 1367 4214 a
1385 4162 1424 4217 Μ

283 4232 329 4287 Im
431 4233 465 4287 15
488 4236 517 4287 et
539 4234 611 4299 SM,
640 4234 764 4300 ntLCo,
795 4236 841 4291 ἵνα
946 4240 977 4295 16
999 4242 1163 4312 manuale
1266 4246 1422 4315 etlutOe,

284 4317 332 4370 nul
435 4317 467 4372 18
488 4319 623 4389 percipisti
639 4320 688 4385 Μ,
718 4322 841 4391 recepisti
859 4324 903 4379 Lo

1564 1688 1565 1753 i

1564 1754 1565 1803 i

284 3628 434 3685 41η-
445 3630 531 3685 Homo
543 3660 577 3671 -
588 3630 698 3687 credent
709 3632 734 3687 ei
745 3650 797 3688 oeta.
814 3634 841 3687 V
927 3634 956 3689 iu
968 3650 1063 3705 euung.
1075 3651 1127 3691 oen.
1140 3636 1227 3692 ΜΗ]
1316 3628 1424 3709 endan}
