3159 4967
380 440 427 493 De
445 439 574 494 diuinis
592 442 773 511 scrIpturis
792 444 862 496 siue
881 442 1056 512 Speculum
1223 446 1284 509 577

160 626 324 707 iustitiam,
346 629 542 711 patientiam,
566 631 788 713 subportantes
809 631 946 697 inuicem
970 633 1002 696 et
1024 633 1176 698 donantes
1198 634 1288 699 uobis

161 730 246 812 ipsis,
281 733 309 796 si
343 733 412 814 quis
446 732 598 798 aduersus
633 734 769 816 aliquem
803 735 899 801 habet
926 734 1116 818 querellam:
1152 736 1235 800 sieut
1258 738 1290 800 et

163 831 306 899 dominus
330 834 460 899 donauit
480 837 581 915 uobis,
605 838 650 901 sic
674 838 707 902 et
729 856 784 903 uos
808 836 913 902 facite.

651 1024 801 1109 LXXX.

142 1207 155 1245 5
546 1204 587 1244 Da
609 1204 714 1245 anmr
735 1204 907 1246 VIRGINVM.

206 1316 249 1377 Iu
269 1314 370 1380 libro
394 1315 638 1398 sapientiae:
669 1317 824 1399 Quoniam
854 1317 929 1383 felix
959 1318 1076 1383 sterilis
1109 1319 1141 1383 ot
1167 1319 1289 1385 incoin-

165 1418 294 1499 qmnata
324 1437 405 1500 quae
435 1418 536 1483 nescit
564 1419 690 1484 thorum
719 1419 751 1483 in
782 1419 913 1485 dedolo!
948 1421 1077 1487 habebit
1100 1421 1237 1487 fructum
1258 1422 1290 1487 in

166 1520 333 1585 dilectione
357 1520 488 1585 animae.
524 1520 557 1585 et
578 1521 676 1603 spado
700 1522 753 1604 qui
775 1541 836 1587 non
860 1524 908 1588 est
931 1524 1077 1606 operatus
1099 1543 1154 1608 per
1179 1543 1291 1591 manus

164 1622 363 1706 iniquitatem
400 1641 457 1688 nec
495 1624 649 1707 cogitauit-
687 1624 840 1691 aduersus
886 1625 1045 1691 dominnm
1087 1627 1290 1709 nequissima.

129 1725 292 1792 redebitur
315 1725 398 1791 enim
425 1726 474 1791 illi
495 1726 571 1791 fidei
595 1725 710 1791 donum
734 1728 871 1793 electum
895 1729 927 1793 ct
949 1746 1016 1794 sors
1045 1728 1216 1811 intemplo
1241 1729 1292 1794 dei

167 1830 308 1896 oblatior.
346 1832 498 1896 bonorum
532 1831 613 1895 enim
646 1830 790 1896 laborum
823 1830 944 1897 fruetus
977 1833 1078 1897 bonae
1111 1830 1225 1910 lamae,
1262 1834 1293 1897 et

168 1952 247 2016 quae
286 1953 345 1997 non
384 1934 509 1997 excidat
540 1934 630 1999 radix
663 1935 846 2017 sapientiae.
890 1936 990 2001 Item
1025 1936 1168 2018 paulus
1204 1956 1292 2020 apo-

168 2037 299 2103 stolus
322 2037 368 2102 ad
391 2038 614 2102 corinthios
637 2040 669 2101 I:
692 2039 739 2104 De
762 2040 938 2122 nirgInibus
961 2040 1067 2105 autem
1090 2041 1294 2123 praeceptum

169 2141 286 2205 domini
315 2160 375 2205 uon
405 2142 517 2219 habco,
547 2142 712 2207 consilium
743 2142 849 2207 autem
877 2143 916 2207 do
939 2143 1023 2207 sieut
1044 2142 1293 2209 miscricordiam

130 2246 365 2322 accomodatus
396 2246 431 2310 ut
457 2243 563 2309 fidelis
586 2263 698 2309 essem.
738 2246 882 2310 existimo
906 2264 980 2328 ergo
1003 2247 1061 2310 hoe
1085 2247 1201 2312 bouum
1225 2265 1294 2312 esse

169 2349 294 2430 propter
323 2348 522 2431 praesentem
550 2348 783 2425 necessitatem,
817 2349 890 2431 quia
924 2349 1076 2431 optimum
1107 2350 1156 2413 est
1177 2350 1295 2415 homini

211 2542 320 2599 LXXX.
342 2561 383 2601 ns
400 2560 504 2601 nnvns
519 2560 689 2603 amomum.
712 2541 752 2599 In
773 2540 869 2600 libro
891 2536 1101 2616 sapientias
1124 2558 1197 2615 cap.
1289 2560 1295 2598 :
1327 2564 1348 2603 α

171 2628 310 2698 Quoniam
341 2626 409 2685 felix
442 2627 553 2685 sterelis
581 2629 609 2684 et
637 2626 842 2701 quoinquInata
868 2644 982 2701 usque
1004 2642 1060 2685 non
1083 2626 1194 2685 excidat
1215 2625 1296 2685 radix

171 2712 336 2787 sapientiae.
381 2713 423 2771 In
445 2712 612 2787 epistula
633 2712 675 2769 ad
698 2712 905 2771 corinthios
928 2713 943 2771 I
965 2730 1040 2786 cap,
1145 2730 1151 2768 :
1174 2711 1217 2770 De
1238 2712 1294 2770 nir-

133 2818 158 2857 au
171 2798 287 2871 ginibns
315 2799 494 2872 praeceptum
521 2796 626 2856 domiui
647 2814 704 2856 non
725 2798 815 2857 habeo
837 2816 953 2872 nsque
976 2798 1107 2871 quoniam
1128 2798 1232 2855 bonnm
1254 2798 1299 2856 est

213 2970 322 3028 LXXX.
350 2988 391 3031 ns
412 2988 517 3029 aaron
539 2989 709 3030 vrnsmvrr.
738 2969 778 3027 In
800 2969 898 3027 libro
922 2969 1133 3043 sapientiae
1156 2984 1229 3043 cap.
1252 2968 1297 3027 H:
1328 2992 1351 3049 μ

172 3055 311 3126 Quoniam
338 3055 406 3113 felix
428 3055 533 3114 steriIIs
556 3057 584 3113 et
605 3055 818 3128 incoinquinata
845 3070 916 3129 quae
938 3054 1030 3113 nescit
1050 3055 1161 3112 thorum
1183 3072 1298 3127 usquc

172 3142 200 3199 ot
222 3157 294 3213 quae
316 3157 372 3200 non
394 3141 524 3199 concidat
544 3140 624 3198 radix
646 3141 813 3214 sapientiae.
857 3140 996 3199 Paulus
1026 3140 1067 3197 ad
1094 3140 1299 3198 corinthios

172 3227 187 3285 I
209 3242 280 3300 cap.
305 3226 388 3285 VIII:
415 3227 458 3285 Do
486 3226 648 3299 uirginibus
669 3227 849 3301 praeceptum
872 3226 1053 3284 domininon
1075 3226 1300 3299 hebenusque

276 3411 292 3464 6
311 3410 372 3478 Sap.
388 3408 415 3473 3,
435 3408 535 3463 13-15
638 3408 670 3462 13
686 3406 701 3461 Ι
718 3408 777 3464 Gor.
796 3410 820 3473 7,
840 3408 873 3461 25
892 3410 920 3463 et
937 3409 970 3463 26

227 3579 240 3631 1
266 3582 385 3648 support
409 3578 447 3633 Gn
549 3576 683 3631 nobismet
704 3577 741 3630 M
744 3577 836 3632 VLOv
939 3576 956 3630 2
980 3578 1137 3645 quesnellum
1157 3576 1211 3643 SV,
1242 3591 1300 3645 que-

174 3666 257 3720 relam
283 3668 381 3734 (qnaer-
402 3665 449 3734 M)
477 3662 564 3718 Meo
663 3664 680 3716 3
707 3662 827 3717 dominns
855 3662 905 3717 So:
936 3650 967 3716 de
993 3663 1020 3715 in
1043 3650 1092 3731 xpc
1120 3661 1235 3718 MVLC

175 3754 191 3807 6
218 3751 321 3805 sterelis
349 3751 403 3806 SM
510 3751 525 3803 7
552 3748 728 3803 nescithorum
756 3749 779 3803 S
878 3749 961 3804 habet
987 3749 1024 3801 M
1029 3746 1102 3802 VLO
1202 3747 1302 3801 fructus

176 3839 199 3893 S
290 3835 460 3891 ddilectioue
473 3834 597 3889 MVLC:
625 3834 853 3903 resumeotIoneS,
878 3833 1041 3903 respectione
1053 3850 1076 3897 o,
1101 3828 1234 3901 ἐπισκοπῇ

177 3926 209 3978 10
234 3924 280 3979 ille
308 3923 331 3978 S
430 3925 459 3975 et
481 3922 518 3975 Μ
522 3922 627 3976 Vnov:
653 3938 704 3976 om.
729 3920 752 3975 S
851 3921 977 3988 templum
1003 3920 1030 3973 V
1129 3917 1243 3971 oblatior
1267 3918 1302 3971 S:

175 4010 303 4080 placidior
319 4008 448 4071 MVLO,
478 4006 660 4076 acceptissima
678 4024 702 4073 v,
728 4004 932 4074 dqups‘urspoc
1037 4004 1067 4057 11
1091 4002 1220 4057 labiorum
1241 4002 1306 4058 MV

177 4096 228 4151 LO
317 4095 351 4148 la
368 4092 478 4147 excedat
496 4092 526 4157 S,
556 4091 706 4147 excidetV
794 4092 859 4145 item
875 4090 969 4159 paulus
987 4104 1038 4143 om.
1060 4089 1087 4142 V
1169 4088 1302 4157 apostolus

178 4217 228 4256 om.
247 4200 365 4255 MVLG
455 4196 488 4251 13
504 4196 589 4265 prima
607 4196 665 4250 Mo
755 4182 802 4249 ddi
819 4196 987 4264 praeceptum
1005 4192 1028 4248 0
1113 4193 1147 4244 14
1165 4180 1198 4245 dt
1218 4191 1302 4261 (uirq.

177 4290 248 4355 ros.)
268 4287 296 4351 S,
323 4285 384 4339 dno
401 4286 435 4352 (ie
452 4286 521 4353 ras.)
539 4285 578 4338 Μ
671 4280 894 4336 misecricordiam
912 4280 939 4349 S,
966 4277 1144 4334 misericordia
1162 4278 1196 4331 Μ
1202 4278 1235 4331 V¹

179 4374 212 4426 15
230 4372 339 4426 exstimo
358 4372 403 4426 Μ’
507 4370 557 4423 hoc
574 4385 624 4424 om.
643 4367 761 4424 Mune

230 4474 289 4539 nn,
306 4476 376 4544 nug.
393 4474 419 4539 a,
439 4486 458 4523 1.
1167 4467 1200 4520 cu
