3159 4967
298 436 361 502 566
523 433 569 488 De
588 433 714 488 diuinis
731 434 914 502 seripturis
932 434 1005 487 siue
1024 433 1204 501 Speculum.

790 636 936 722 LXXV.

524 819 588 861 NON
610 818 820 860 Guommvm
842 818 876 859 IN
899 816 1065 859 sumnum
1087 816 1202 857 MVNDI·

341 933 383 997 In
404 930 647 1014 prouerbiis:
677 929 754 995 Esto
781 928 943 995 confidens
966 928 1034 993 tuto
1057 929 1152 995 eorde
1182 928 1213 992 in
1239 928 1374 1005 dominu,
1400 926 1436 991 in

297 1035 355 1098 tna
386 1033 494 1098 autem
527 1032 683 1117 sapientia
715 1032 779 1098 neli
815 1031 931 1098 extolli.
977 1032 1077 1095 Item
1109 1031 1215 1095 illie:
1253 1030 1326 1095 Neli
1362 1048 1436 1095 esse

298 1135 423 1220 sapiens
446 1137 523 1219 aput
543 1138 596 1200 te:
618 1135 695 1201 time
720 1136 825 1199 autem
850 1135 944 1201 deum
969 1135 1001 1199 et
1024 1132 1149 1198 declina
1166 1135 1204 1197 ab
1229 1134 1313 1198 omni
1335 1134 1435 1198 malo.
1463 1155 1475 1195 ε

297 1242 372 1304 tnnc
409 1238 529 1304 sanitas
567 1238 627 1303 erit
662 1238 785 1320 corpori
821 1238 877 1302 tuo
916 1238 947 1301 et
986 1235 1154 1319 diligentia
1191 1236 1314 1302 essitas
1357 1236 1435 1300 tnta.

299 1344 399 1408 Item
420 1340 527 1406 illie:
550 1341 626 1405 Vidi
647 1342 751 1406 uirum
767 1340 989 1406 aestimantem
1012 1359 1046 1405 se
1066 1340 1126 1405 sibi
1149 1339 1326 1421 sapientem
1351 1356 1435 1415 ease,

299 1464 388 1530 spem
422 1445 528 1509 autem
561 1443 672 1509 habuit
703 1444 807 1527 magis
839 1444 989 1526 insipiens
1023 1460 1116 1525 quarn
1150 1440 1215 1505 ille.
1262 1442 1362 1505 Item
1397 1440 1436 1504 in

299 1548 427 1614 esaia:
450 1547 519 1612 Vae
547 1547 597 1611 his
620 1546 675 1629 qui
695 1545 867 1629 prudentes
891 1546 964 1610 sunt
987 1545 1062 1628 aput
1085 1563 1119 1610 se
1143 1546 1176 1609 et
1205 1544 1236 1609 in
1260 1543 1437 1626 conspeetu

299 1669 355 1716 suo
378 1649 546 1732 sapientes.
591 1648 693 1713 Item
721 1647 828 1713 illie:
859 1648 994 1714 Perdam
1017 1648 1206 1731 sapientiam
1230 1648 1436 1731 sapientium,
1449 1670 1472 1708 n

300 1752 332 1817 et
353 1751 554 1834 prudentiam
576 1749 778 1832 prudentium
800 1751 983 1833 reprobabo.
1028 1749 1128 1815 Item
1156 1752 1194 1815 in
1218 1751 1434 1815 hieremia:

297 1855 386 1921 Haec
419 1853 497 1919 dieit
526 1852 686 1919 dommus:
715 1872 777 1918 nen
806 1852 959 1936 glorietur
981 1853 1107 1935 sapiens
1129 1854 1160 1918 in
1185 1871 1244 1918 sua
1266 1853 1435 1935 sapientia,

342 2050 450 2109 LXXV.
472 2068 537 2110 non
559 2068 770 2111 unumunurn
792 2068 827 2109 nn
845 2068 1011 2109 enumeris
1025 2066 1139 2109 navum.
1163 2048 1203 2106 In
1225 2048 1435 2121 prouerbiis

301 2152 374 2209 cap.
474 2134 604 2194 :Estote
627 2133 768 2194 confidens
790 2136 849 2193 tute
873 2134 953 2192 eorde
976 2134 1006 2191 in
1029 2133 1180 2203 dominnm,
1211 2133 1241 2191 in
1263 2136 1317 2193 tua
1339 2136 1435 2191 antem

301 2220 442 2295 sapientia
462 2219 520 2278 nuli
543 2219 648 2279 entelli.
692 2220 781 2279 Item
802 2218 876 2279 ibit
899 2218 964 2279 Noli
988 2235 1051 2277 esse
1075 2218 1189 2293 sapiens
1213 2219 1282 2293 aput
1304 2220 1341 2287 te,
1365 2219 1470 2279 timens

300 2309 393 2366 autem
422 2305 514 2364 deum.
558 2306 649 2365 Item
672 2323 746 2380 eap.
770 2305 876 2365 XXVI:
907 2304 1012 2365 Vidisti
1033 2305 1175 2363 huminem
1198 2304 1353 2378 sapientem
1379 2305 1436 2363 sibi

300 2392 343 2452 sie
364 2390 464 2462 uideri,
486 2394 581 2465 magis
602 2392 652 2451 illo
673 2408 752 2466 spem
774 2390 891 2451 habebit
915 2390 1029 2450 stultus.
1074 2390 1115 2449 In
1137 2390 1240 2448 esaia
1262 2407 1334 2466 eap.
1428 2408 1435 2445 :

299 2479 357 2537 Vae
378 2477 425 2536 his
448 2478 497 2550 qui
518 2476 670 2552 prudentes
693 2478 760 2536 suut
775 2478 845 2551 aput
860 2495 899 2536 se.
938 2477 1029 2535 Item
1051 2475 1118 2534 ibi:
1141 2475 1261 2534 Perdam
1278 2474 1436 2551 sapientem

301 2563 482 2638 sapientium.
525 2564 566 2622 In
587 2562 764 2621 hieremia
785 2579 858 2635 eap.
974 2581 980 2618 :
1014 2560 1093 2619 Haee
1115 2559 1185 2619 dicit
1206 2561 1354 2621 deminus:
1379 2578 1435 2621 nen

249 2784 271 2843 μ
342 2750 450 2811 LXXV.
473 2770 537 2811 nun
554 2770 764 2812 uuemanuvnr
784 2770 819 2810 nn
838 2769 1004 2811 senmurum
1026 2768 1139 2809 arvium.
1162 2748 1201 2808 In
1224 2750 1469 2824 prouerbiisae

301 2852 375 2910 sep.
398 2836 456 2895 III:
485 2837 529 2895 Ne
559 2836 601 2895 sis
632 2836 746 2911 sapiens
776 2836 851 2910 apud
880 2837 966 2894 temet
995 2836 1090 2910 ipsum
1112 2852 1223 2910 usqne
1246 2836 1275 2893 et
1296 2834 1435 2909 iangatiu

301 2938 416 2981 ossuum
448 2923 569 2981 tuorum.
613 2922 705 2980 Item
727 2938 802 2996 cap.
826 2920 884 2979 III:
917 2920 999 2981 Habe
1031 2920 1163 2979 fiduciam
1195 2920 1225 2979 iu
1259 2920 1371 2979 domino
1402 2938 1435 2979 er

300 3009 359 3066 tute
383 3006 463 3066 eorde
485 3010 534 3067 tuo
558 3010 587 3066 et
607 3024 642 3066 ne
665 3007 796 3066 Innitaris
820 3006 985 3081 prudentiae
1008 3008 1083 3066 tuae.
1122 3006 1212 3065 Item
1235 3024 1310 3080 eap.
1328 3006 1435 3067 XXVI:

301 3093 405 3153 Vidisti
437 3093 578 3152 heminam
611 3093 768 3168 sapientem
798 3092 854 3151 sibi
888 3092 987 3162 uideri,
1014 3092 1107 3165 magis
1138 3091 1186 3149 ille
1216 3109 1296 3165 spem
1317 3092 1436 3151 habebit

302 3179 416 3237 stultus.
459 3180 499 3238 In
521 3178 622 3238 esaia
644 3195 716 3253 cap.
821 3198 827 3234 :
858 3179 915 3237 Vae
946 3178 994 3253 qui
1025 3177 1168 3253 sapientes
1198 3178 1268 3237 estIs
1291 3178 1321 3235 in
1345 3178 1470 3237 ucndsse

300 3264 406 3323 uestris
427 3281 546 3337 usque
568 3264 709 3323 uebIsmet
723 3264 795 3337 ipsis
811 3262 973 3338 prudentes.
1014 3262 1106 3321 Item
1128 3279 1203 3338 eap.
1294 3283 1300 3320 :
1323 3264 1434 3322 Peribit

302 3350 376 3409 enim
404 3350 544 3424 sapientia
566 3368 583 3408 a
606 3350 781 3425 sapientibus
809 3366 922 3423 usque
950 3348 1146 3408 abscondetur.
1189 3349 1230 3407 In
1258 3348 1436 3407 hieremia

303 3454 375 3511 eap.
464 3455 471 3495 ε
500 3435 580 3494 Haeo
602 3436 672 3494 dieit
693 3435 839 3495 domnus:
862 3450 919 3493 non
942 3435 1078 3509 glorietur
1101 3435 1216 3510 sepiens
1240 3434 1269 3492 in
1293 3435 1436 3509 sapientia

404 3635 610 3701 3Preu3,5
711 3634 910 3689 eistete
1014 3632 1248 3697 7Prou.26‚12
1352 3632 1434 3687 ens.

303 3724 327 3789 5,
346 3723 378 3777 21
484 3723 517 3777 10
534 3723 578 3777 Es.
596 3720 640 3787 29,
660 3722 692 3775 14
797 3721 828 3775 12
846 3720 917 3776 Hier.
937 3722 962 3784 9,
981 3718 1015 3774 23
1034 3723 1061 3774 et
1078 3721 1112 3773 24

354 3913 367 3966 1
387 3908 502 3965 XXVS
601 3910 619 3963 3
642 3907 729 3979 eorde]
756 3908 822 3964 add.
842 3911 888 3962 tuo
912 3906 949 3962 Oe
1051 3908 1079 3959 in
1098 3893 1160 3961 dnm
1184 3907 1284 3976 ΜΠ,
1315 3908 1350 3962 ad
1372 3895 1435 3962 dnm

303 4000 326 4054 C
408 3998 496 4052 intua
513 3996 636 4060 ΜΗΘ,
663 3998 766 4063 mom.
778 3995 817 4061 in)
836 3994 859 4049 S
940 3990 1111 4062 ‘cubisupra
1128 3993 1246 4049 MVLG
1330 3994 1347 4047 5
1366 3993 1435 4063 apud

302 4106 330 4157 te
348 4103 452 4172 sapiens
470 4100 497 4156 L
594 4089 639 4154 dm
656 4100 693 4152 Μ
696 4098 782 4154 VLO=
809 4085 872 4152 dnm
891 4098 914 4153 S
1010 4097 1192 4167 puerperia]
1212 4098 1247 4163 cf.
1269 4102 1328 4165 471,
1347 4102 1367 4152 8

303 4185 525 4257 approperans
543 4186 657 4242 MVLO
740 4200 798 4239 esse
816 4184 963 4254 eapientem
984 4183 1007 4239 0
1097 4182 1113 4236 8
1130 4183 1214 4252 magis
1233 4181 1327 4236 habuit
1345 4182 1434 4240 mu

304 4273 415 4344 0(ἔσχε
432 4274 543 4341 μᾶλλον)
595 4339 601 4356 ,
633 4272 721 4327 acrba
737 4268 920 4326 Item-Vae
932 4270 973 4323 his
986 4301 1019 4310 -
1032 4284 1119 4323 curam
1131 4268 1180 4322 deo
1193 4267 1262 4321 Item
1274 4284 1323 4323 em.
1341 4268 1369 4324 V

303 4360 319 4415 9
347 4358 470 4429 esaiaS
570 4360 597 4412 et
623 4372 673 4413 ent.
701 4356 740 4410 M
840 4356 873 4409 10
899 4354 962 4425 illie]
989 4356 1018 4409 in
1040 4354 1113 4409 esaia
1132 4355 1182 4422 (is,
1201 4358 1253 4424 yn)
1275 4353 1366 4411 Mne
