3159 4967
659 428 843 502 Speculum.
1252 429 1315 495 241

185 620 236 683 ost
257 637 314 701 pro
337 617 436 696 nobis,
461 619 498 682 ut
519 617 586 682 sino
611 617 788 701 uigilomus
816 602 886 684 siue
905 618 1115 696 dormiamus,
1133 618 1228 683 simul
1242 636 1316 683 oum

186 723 242 786 illo
264 722 420 787 uiuamus.
458 722 584 804 propter
608 721 692 804 quod
708 722 913 787 consolamini
927 723 1075 801 inuicem,
1099 724 1132 786 et
1146 721 1315 788 aedificato

187 825 384 902 alterutrum,
414 824 497 890 siout
527 823 694 889 atteritis.
733 841 883 907 rogamus
914 826 1019 890 autom
1041 844 1110 903 uos,
1133 825 1258 904 iratres,
1281 827 1318 890 ut

186 927 337 993 noueritis
372 947 426 992 eos
462 926 514 1010 qui
543 927 689 992 laborant
721 928 804 992 inter
836 947 893 993 uos
927 929 960 993 et
991 931 1142 1011 praesunt
1168 929 1259 995 uobis
1283 929 1317 994 in

160 1031 313 1097 edomino
337 1031 369 1094 et
390 1031 519 1096 monent
540 1050 607 1108 uos,
636 1031 671 1094 ut
693 1030 838 1097 habeatis
860 1006 933 1096 illos
957 1031 1168 1098 abundantius
1182 1034 1214 1097 in
1231 1032 1315 1097 eari-

185 1135 253 1198 tate
283 1136 410 1217 propter
438 1153 515 1216 opus
537 1134 680 1199 illorum:
706 1153 817 1217 paoem
839 1135 956 1199 habete
978 1154 1051 1200 eum
1073 1135 1129 1200 eis.
1166 1153 1316 1218 rogamus

188 1239 295 1302 autem
311 1255 378 1316 uos,
393 1238 518 1315 fratros,
534 1237 681 1318 corripite
692 1237 860 1319 inquietos,
872 1237 1077 1302 consolamini
1089 1237 1316 1323 pusillanimos,

187 1340 340 1422 suscipite
361 1339 512 1418 infirmos,
535 1341 692 1423 patientes
716 1341 818 1405 estote
849 1340 888 1404 ad
913 1359 1029 1405 omnes.
1067 1339 1175 1404 uidete
1191 1359 1230 1404 ne
1247 1341 1317 1423 quis

187 1443 307 1506 malum
330 1461 387 1525 pro
408 1443 493 1507 malo
517 1443 611 1508 alicui
634 1443 764 1508 reddat:
789 1443 846 1508 sed
869 1462 993 1526 sempor
1016 1442 1100 1526 quod
1128 1444 1245 1508 bonum
1270 1444 1318 1508 est

136 1575 174 1614 no
188 1546 354 1610 sectamini
376 1546 408 1610 in
426 1545 563 1611 innioem
587 1548 619 1610 ot
633 1547 664 1610 in
681 1565 798 1611 omnes.
817 1541 953 1629 'sempor
968 1546 1116 1629 gaudete,
1134 1547 1200 1611 sine
1215 1546 1316 1611 inter-

188 1649 339 1713 missione
363 1649 459 1726 orate,
483 1649 514 1712 in
538 1649 681 1714 omnibus
703 1647 824 1732 gratias
848 1648 941 1731 agito.
976 1651 1055 1713 haeo
1072 1649 1155 1713 enim
1172 1649 1318 1713 uoluntas

189 1751 241 1815 dei
276 1751 325 1816 est
356 1751 388 1814 in
418 1751 543 1816 Christo
572 1753 646 1816 Iesu
674 1752 705 1816 in
736 1750 881 1817 omnibus
907 1752 1009 1817 uobis.
1047 1751 1193 1835 spiritum
1219 1751 1317 1815 nolito

189 1855 382 1938 extinguere.
419 1854 600 1937 prophetias
615 1855 711 1920 nolite
738 1873 894 1938 spemore.
930 1856 1035 1920 omnia
1049 1856 1156 1919 antem
1171 1855 1318 1938 probate:

189 1957 275 2039 quod
297 1958 412 2023 bonum
437 1958 622 2023 esttenete.
662 1959 702 2024 ab
725 1960 809 2024 omni
832 1959 938 2042 speeie
962 1959 1050 2023 mala
1072 1958 1227 2024 abstinete
1250 1977 1317 2024 uos.

149 2227 175 2278 e
660 2179 850 2263 XXXVH.

497 2377 537 2418 DE
558 2375 710 2418 nrssma
732 2377 775 2418 AD
802 2377 881 2429 Qvos
903 2375 1012 2419 svm.

234 2487 362 2555 Gratias
391 2507 485 2573 agere
515 2491 667 2555 debemus
691 2489 750 2555 deo
773 2509 897 2572 semper
922 2508 978 2571 pro
1001 2489 1102 2566 uobis,
1125 2487 1249 2565 fratros,
1274 2485 1320 2551 ita

148 2597 152 2616 ’·
189 2591 226 2655 ut
250 2591 378 2674 dignum
402 2592 459 2670 est,
485 2593 630 2675 qnoniam
654 2593 864 2676 supercrescit
886 2592 967 2657 fides
989 2591 1107 2668 uestra,
1133 2590 1165 2671 et
1180 2588 1321 2654 abundat

190 2693 308 2758 caritas
331 2693 579 2777 uniuscuiusque
603 2695 741 2760 omnium
764 2695 907 2760 uestrum
928 2695 961 2758 in
982 2693 1137 2758 inuicem:
1151 2691 1198 2756 ita
1212 2692 1250 2755 ut
1264 2710 1320 2756 nos

149 2797 251 2879 seipsi
282 2797 313 2861 in
343 2797 434 2862 uobis
462 2797 634 2882 gloriemur
655 2798 687 2862 in
711 2797 856 2863 ecelesiis
886 2796 937 2861 dei
959 2815 1014 2880 pro
1037 2794 1190 2879 patientia
1211 2794 1321 2858 aesna

191 2899 224 2963 ot
247 2897 310 2963 fido
333 2897 364 2963 in
389 2899 533 2990 omnibus
561 2901 832 2984 persecutionibus
859 2900 975 2964 uestris
999 2900 1031 2963 ot
1052 2895 1319 2974 tribulationibus,

120 3013 125 3024 ·
192 3020 270 3084 quas
295 3002 458 3068 sustinetis
480 3003 511 3066 in
535 3003 711 3086 exemplum
726 3004 803 3069 iusti
824 3003 935 3068 iudioii
959 3003 1019 3081 dei,
1046 3003 1083 3066 ut
1097 3001 1184 3084 digni
1199 3002 1320 3066 habea-

190 3104 267 3168 mini
296 3122 394 3188 regno
429 3105 490 3184 dei,
519 3126 575 3189 pro
606 3125 667 3189 quo
697 3108 729 3171 et
756 3107 910 3189 patimini,
942 3106 969 3170 si
997 3106 1104 3170 tamen
1130 3103 1250 3168 iustum
1273 3104 1322 3169 est

192 3207 276 3290 apud
300 3208 396 3273 deum
418 3209 596 3274 retribuere
615 3208 852 3276 tribulationem
873 3208 924 3276 his
946 3209 1001 3292 qui
1021 3227 1080 3275 nos
1101 3206 1264 3284 tribulant,
1289 3208 1323 3271 ot

149 3311 283 3378 anobis
308 3311 360 3394 qui
382 3311 577 3377 tribulamini
599 3314 740 3396 requiem
768 3313 931 3378 nobiseum
945 3313 978 3377 in
993 3311 1187 3378 reuelationo
1203 3309 1323 3375 domini

253 3449 256 3456 ι
297 3497 329 3550 17
350 3495 375 3550 Π
393 3495 482 3552 'l'hoss
502 3497 526 3565 1,
544 3497 630 3551 3-12

246 3683 522 3740 bhabundanrrusm
540 3687 567 3742 P
651 3687 666 3740 7
685 3685 874 3756 pussillanimes
888 3688 923 3741 P¹
1011 3686 1045 3740 10
1062 3636 1203 3740 reii'iiiir
1222 3687 1255 3752 (a.
1275 3685 1323 3739 ltro.

190 3785 263 3860 corr.
285 3769 373 3838 eluto)
399 3772 436 3825 M
537 3776 692 3826 rnsmrsrone
710 3771 748 3825 Μ
850 3769 883 3824 13
902 3787 1059 3840 exrmgnaro
1076 3771 1137 3840 (err
1155 3772 1187 3823 in
1203 3771 1274 3836 raa.)
1292 3769 1326 3836 P,

184 3911 331 3975 ιἱτιιιςιιειθ
350 3907 388 3960 M
466 3909 500 3962 14
517 3859 609 3964 viiiii
625 3913 799 3978 (correctura
813 3910 902 3978 obsto)
921 3909 958 3964 Μ
1041 3923 1170 3963 axrrrorn
1187 3923 1225 3962 nu
1242 3921 1326 3962 nrm·

190 4021 399 4064 suerronnsns
414 4013 493 4080 (atr.)
510 4011 515 4082 Ι
530 4027 609 4066 irrora
628 4027 664 4066 nn
681 4025 755 4067 arna
773 4027 811 4067 nn
829 4027 902 4070 uros
919 4027 1011 4068 svaran
1025 4009 1137 4082 (ratam
1161 4011 1189 4074 S,
1216 4009 1249 4063 so
1266 4010 1327 4079 apli

190 4094 274 4148 beari
292 4095 364 4164 pauli
382 4095 443 4150 sodi
460 4095 495 4150 ad
512 4098 728 4152 tessalomoenses
747 4099 775 4154 R
860 4097 1134 4168 usita11rrq31sa
1161 4112 1211 4150 om.
1230 4095 1259 4152 R

191 4181 225 4233 18
245 4186 396 4251 superesset
416 4181 454 4236 So
541 4181 573 4236 19
592 4184 715 4252 omnium]
730 4184 781 4238 dal.
794 4185 842 4248 1²¹,
860 4199 911 4239 orn.
924 4185 989 4240 Rau
1074 4182 1102 4235 iu
1120 4188 1186 4236 aare
1204 4181 1324 4250 innioem]

190 4283 245 4320 om.
262 4265 290 4321 R
372 4265 406 4320 20
424 4266 476 4338 dei]
495 4285 544 4324 om.
565 4270 600 4323 Ρί
678 4267 712 4322 23
730 4271 822 4340 regno]
833 4269 916 4324 uerbo
934 4270 1038 4333 MP¹G‚
1063 4285 1090 4322 ru
1102 4283 1183 4337 regno
1202 4267 1258 4322 Soa

194 4352 231 4421 et]
251 4367 301 4406 om.
321 4351 349 4406 R
452 4353 485 4406 24
503 4353 688 4410 rnbnlarrone
708 4354 738 4410 δι
1026 4364 1028 4367 ’

247 4449 307 4520 1111,
326 4454 394 4524 Aug.
412 4457 437 4524 3,
457 4471 476 4510 r.
1191 4454 1223 4507 16
