3159 4967
394 461 442 514 De
460 459 589 514 diuInis
607 458 786 527 seripturis
805 458 876 512 siue
894 457 1073 526 Speculum.
1234 458 1296 524 451

172 650 278 734 magis
311 669 405 733 quam
439 650 493 733 qui
526 649 682 715 adulatur.
727 648 826 713 Item
854 647 962 712 illio:
996 647 1114 731 Plagae
1137 647 1169 712 et
1190 648 1297 712 incre·
1415 685 1419 694 ·

173 745 317 837 potiones
333 753 410 818 dant
424 753 628 836 sapientiam:
650 771 728 834 puer
744 751 851 816 autam
866 769 972 816 errans
986 749 1150 818 confundit
1164 751 1297 834 patrem.

175 859 274 922 Item
297 858 336 921 in
357 857 461 922 libro
477 855 720 938 sapientiam
744 853 937 936 Sapientiam
954 853 1036 918 enim
1052 853 1084 918 et
1099 853 1298 937 disciplinam

175 962 229 1042 qui
253 960 360 1037 abicit,
389 959 498 1024 infelix
520 959 584 1024 est:
615 959 649 1023 et
668 976 773 1022 uacua
796 957 845 1022 est
867 975 938 1039 spes
959 957 1095 1036 illorum,
1120 958 1152 1023 ct
1172 957 1298 1024 labores

146 1081 284 1129 aeorum
317 1063 385 1128 sine
416 1061 532 1139 fructu
566 1061 599 1125 et
627 1060 753 1124 inutilia
785 1059 859 1124 sunt
890 1077 985 1141 opera
1015 1060 1150 1127 illorum.
1195 1063 1298 1128 Item

175 1167 284 1232 illic:
306 1167 426 1249 Magna
448 1165 531 1230 enirn
554 1164 627 1230 sunt
645 1164 765 1230 iuditia
783 1164 842 1228 tua
864 1164 896 1228 et
912 1163 1150 1231 inenarrabilia:
1172 1166 1299 1248 propter

175 1272 235 1335 hoo
257 1268 510 1351 indisciplinatae
534 1267 657 1332 animae
681 1267 874 1332 errauerunt.
918 1268 1018 1332 Item
1042 1267 1080 1333 in
1104 1268 1297 1333 ecclesia-

177 1373 295 1438 stico:
328 1370 390 1453 Qui
418 1370 538 1455 gaudet
565 1371 744 1453 iniquitate,
768 1370 984 1436 denotabitur:
1008 1371 1040 1436 et
1062 1371 1115 1454 qui
1138 1371 1205 1438 odit
1226 1390 1298 1438 cor·

175 1476 359 1557 reptionem,
392 1473 545 1540 miqutur
575 1474 653 1539 nita.
698 1475 800 1538 Item
829 1473 933 1537 illie:
968 1473 1095 1557 corripe
1124 1475 1299 1557 proximum

178 1579 251 1642 ante
274 1597 368 1660 quam
390 1577 586 1657 acuminatis,
611 1578 643 1642 et
664 1577 833 1642 dalocum
864 1576 970 1642 timori
1001 1576 1154 1642 altismmi.
1199 1577 1299 1642 Item

176 1680 281 1744 illic:
305 1680 408 1761 Quam
429 1681 545 1745 bonum
569 1680 618 1745 est
639 1698 772 1763 arguere
795 1699 889 1761 quam
911 1679 1016 1757 uesci,
1045 1680 1078 1744 et
1099 1679 1300 1746 confitentem

176 1785 208 1846 in
232 1783 370 1847 oratione
393 1802 453 1848 non
475 1783 656 1865 prohiberet
700 1783 800 1847 Item
824 1781 931 1845 illic:
961 1781 1037 1848 Viro
1066 1781 1299 1864 indisciplmato

177 2027 303 2086 inueniet
324 2027 401 2102 apud
421 2038 493 2086 eum.
536 2028 627 2086 Item
648 2045 724 2102 cap.
748 2027 895 2088 XXVIIII:
918 2027 1014 2086 Virum
1037 2027 1085 2099 qui
1107 2027 1301 2102 corripientem
1330 2055 1352 2093 α

179 2114 250 2172 dura
279 2113 386 2171 ceruice
415 2114 587 2188 contempnit
615 2113 798 2188 reppentinus
830 2112 1169 2186 superuenietinteritus.
1214 2114 1301 2172 Item

137 2217 165 2257 ro
178 2215 252 2272 cap.
275 2199 422 2260 XXVIIII:
452 2198 542 2271 Vtrga
570 2201 654 2272 atque
685 2199 821 2272 correptio
843 2198 968 2256 tribuent
991 2198 1168 2272 sapiendam.
1212 2198 1302 2258 Item

179 2302 252 2359 cap.
341 2303 348 2340 :
372 2284 546 2358 Sapientiam
568 2285 641 2342 enim
663 2286 692 2342 et
713 2284 906 2358 displi‚.uam
929 2283 977 2355 qui
1000 2283 1095 2352 auicil,
1120 2285 1224 2342 stultus
1247 2287 1300 2344 est.

178 2371 217 2427 In
240 2370 503 2428 ecelesiastIco
527 2387 600 2443 cap.
623 2370 677 2428 XI:
705 2369 817 2443 (tempe
839 2369 995 2442 prorumum
1017 2370 1166 2442 antequam
1189 2371 1301 2428 commi-

177 2456 263 2514 naris.
307 2456 396 2513 Item
425 2471 498 2528 cap.
522 2456 576 2514 XI:
611 2456 702 2525 Quam
729 2456 833 2513 bonum
863 2456 907 2512 ost
939 2471 1056 2528 arguere
1090 2471 1173 2528 quam
1205 2456 1301 2514 nasci.

177 2541 265 2598 Item
288 2558 361 2614 cap.
385 2541 438 2598 XI:
461 2540 527 2600 Viro
542 2541 753 2614 indisolplinato
769 2542 813 2598 est
828 2539 954 2598 inuentio
970 2539 1173 2598 detrimentum.
1211 2540 1302 2599 Item

137 2798 165 2838 ao
179 2779 319 2838 hominem
341 2780 462 2853 gratiam
485 2780 584 2853 postea
605 2779 731 2838 inueniet
747 2780 822 2854 apud
837 2795 909 2837 cnm.
945 2779 1033 2837 Item
1056 2796 1130 2853 cap.
1154 2781 1302 2842 XXVIIII:
1331 2805 1356 2863 μ

178 2866 243 2925 Viro
274 2866 322 2939 qui
352 2866 546 2941 corrIpientem
575 2865 645 2924 dura
678 2865 784 2923 ceruice
815 2865 986 2938 contempnit
1014 2865 1176 2940 repentInus
1206 2885 1303 2942 super-

179 2951 273 3008 ueniet
294 2951 434 3009 interitus.
471 2951 560 3009 Item
582 2967 655 3024 cap.
680 2950 826 3011 XXVIIII:
850 2951 938 3023 Vtrga
960 2953 1043 3024 atque
1062 2947 1197 3025 correptio
1212 2954 1301 3012 tribn-

179 3037 419 3110 cntsapientiam.
449 3036 538 3094 Item
559 3037 596 3094 in
616 3036 712 3094 libro
736 3037 946 3111 sapientiae
969 3053 1044 3111 cap.
1061 3035 1105 3094 lI:
1130 3038 1304 3112 Sapientiam

179 3122 254 3180 enim
283 3124 311 3179 et
341 3121 517 3196 discipliuam
547 3122 595 3195 qui
625 3123 721 3190 abicit,
752 3121 849 3180 inlelir
872 3123 923 3180 est.
968 3121 1010 3180 In
1043 3123 1303 3185 eeclesiastico

138 3227 166 3268 sc
179 3225 253 3281 cap.
269 3207 323 3265 XI:
347 3207 459 3281 Corripe
473 3208 631 3282 proximum
646 3209 796 3280 antequam
812 3208 996 3266 commtneris.
1034 3207 1124 3266 Item
1148 3227 1222 3284 cap.
1248 3211 1302 3269 XI:

179 3294 269 3363 Quam
291 3295 395 3351 bonum
417 3295 460 3351 est
482 3309 600 3366 arguere
622 3309 706 3366 qnam
728 3293 822 3351 Irasci.
857 3293 944 3352 Item
966 3310 1038 3368 cap.
1062 3295 1117 3354 XI:
1140 3296 1206 3356 Viro
1228 3297 1302 3355 indi-

283 3544 392 3598 1rr0u.
410 3544 452 3611 ns,
471 3544 503 3596 15
583 3544 679 3612 casp.
697 3544 721 3612 s,
740 3543 771 3596 11
860 3545 954 3613 ceap.
974 3546 1048 3611 17,1
1131 3547 1243 3601 scau
1265 3548 1305 3614 19,

179 3631 275 3684 aeto
361 3630 431 3683 cro.
451 3630 483 3682 17
571 3630 601 3683 11
621 3629 701 3683 nean.
720 3629 795 3692 nor
884 3630 916 3682 12
934 3631 1004 3684 rus

232 3869 245 3921 l
270 3871 355 3940 magis
379 3885 429 3923 om.
454 3869 545 3923 MLO
646 3869 811 3924 adulaturS
909 3869 972 3937 illio]
990 3867 1037 3922 ubi
1054 3885 1133 3938 supra
1150 3869 1236 3924 Meo
1254 3872 1307 3938 (stc

179 3959 206 4022 6,
224 3957 315 4022 212)
408 3955 486 4022 plage
504 3953 550 4007 SC
641 3953 659 4005 3
675 3954 704 4006 in
720 3954 788 4008 libro
807 3954 952 4021 sapientiae
972 3953 1005 4008 S:
1031 3954 1059 4006 ln
1076 3954 1220 4022 prouerbiis
1238 3956 1305 4020 MC,

179 4040 226 4092 ubi
244 4055 322 4108 snpra
338 4041 365 4094 L
461 4040 593 4108 deorum]
611 4039 715 4093 illorum
732 4039 786 4094 LO
880 4045 941 4092 sumt
959 4055 1009 4093 om.
1028 4040 1117 4094 Mac
1209 4041 1226 4094 8
1243 4057 1309 4110 gau-

181 4125 236 4194 det]
256 4128 345 4179 autern
361 4126 450 4180 Mac
541 4125 676 4194 ianuItnti
693 4125 757 4179 ΜΟ
848 4126 1010 4194 correptione
1028 4127 1075 4188 M,
1101 4126 1307 4194 increpationem

182 4213 205 4266 0
305 4212 477 4266 dminuctur
497 4212 593 4266 MLo:
622 4211 755 4264 inuenitur
777 4212 811 4274 S,
842 4211 1045 4270 iuminueturO
1146 4213 1178 4264 10
1200 4214 1309 4268 mineris

181 4297 271 4351 MLO
353 4298 448 4351 tirnore
465 4298 493 4352 L
584 4296 616 4350 11
634 4297 696 4365 illic]
715 4297 744 4350 ln
760 4298 937 4352 ecclesiastico
955 4299 1027 4366 ΜΟ,
1053 4297 1099 4352 ubi
1117 4314 1194 4367 supra
1211 4299 1240 4354 Ι,

184 4385 216 4437 12
233 4382 307 4437 uiro.
327 4385 354 4452 .]
373 4384 410 4450 of.
427 4384 509 4449 {inan
525 4399 626 4438 uersus
643 4388 663 4437 8
680 4384 712 4438 ἐπ
729 4399 789 4452 cap.
809 4384 860 4438 LI.
964 4383 1130 4452 disciplinato
1148 4385 1174 4439 L

1149 4487 1205 4540 29*
