3159 4967
271 423 338 489 644
496 420 545 475 De
562 419 690 474 diuinis
708 418 888 488 scripturis
905 424 977 474 elue
995 419 1178 488 Speculum.

274 608 379 675 cariae
399 607 557 691 parietum
580 606 648 671 eiua
670 606 864 672 effodientur.
907 606 1009 671 Item
1038 605 1078 669 in
1100 605 1296 672 hieremia
1315 626 1409 689 prc-

273 711 411 794 pheta:
445 710 595 776 Paetcrcc
623 708 715 775 multi
750 710 1039 775 exterminauerunt
1067 710 1195 775 niueam
1223 728 1340 787 meam,
1375 710 1412 774 et

273 812 568 880 contaminauerunt
599 812 773 896 portionem
807 831 922 890 meam,
957 811 1114 877 dederunt
1144 813 1267 895 partem
1296 831 1408 878 meam

273 916 549 1000 concupIacihilem
577 916 609 981 in
640 915 810 981 decertum.
854 916 956 981 Item
977 915 1083 980 illic:
1113 914 1181 997 Ego
1203 916 1236 979 tc
1258 913 1407 997 plantaui

272 1020 372 1087 uitem
395 1019 574 1085 uniuersam
596 1016 790 1083 fructiferam
812 1036 931 1096 ueram,
956 1016 1112 1101 qucmcdc
1135 1034 1291 1082 conuersa
1313 1036 1349 1082 ce
1372 1018 1407 1082 in
1436 1043 1452 1084 ⁵

275 1122 515 1190 amaritudinem
552 1121 627 1187 uitia
664 1120 808 1185 alienae?
851 1121 954 1185 Item
991 1120 1026 1185 in
1062 1138 1151 1185 oaee
1187 1121 1407 1203 propheta:

273 1226 374 1293 Vinea
394 1228 427 1291 in
447 1224 587 1291 maceria
608 1224 690 1289 hcna
711 1222 839 1301 israhel,
862 1222 984 1288 fructus
1001 1223 1069 1287 eiua
1091 1223 1267 1289 uberrImne
1290 1242 1406 1289 aecum

274 1329 348 1395 dum
370 1326 605 1394 multitudinem
634 1325 794 1391 fructuum
820 1344 957 1391 auorum.
1002 1325 1102 1391 Item
1123 1325 1163 1390 in
1183 1325 1292 1391 ichel
1314 1346 1407 1409 prc-

272 1433 405 1515 pheta:
428 1428 583 1496 Ascendit
605 1447 698 1511 muner
719 1430 838 1493 terram
858 1447 964 1493 mcum
985 1446 1063 1511 gens
1078 1426 1187 1493 ualida
1202 1430 1235 1494 et
1255 1428 1407 1494 innume-

271 1533 396 1601 rabilia:
421 1534 532 1599 dentes
556 1532 623 1598 ciue
645 1532 729 1597 sicut
750 1531 862 1597 dentea
882 1532 994 1606 leonia.
1019 1533 1052 1597 et
1072 1532 1210 1597 mclaree
1226 1533 1295 1597 eiua
1318 1533 1451 1598 sicutne

272 1638 372 1705 catuli
391 1638 528 1703 leonum.
565 1634 671 1720 poenit
691 1635 817 1701 uincam
839 1653 945 1700 meam
967 1635 999 1699 in
1022 1634 1242 1701 exterminium
1264 1637 1298 1701 et
1319 1635 1407 1701 licus

271 1760 360 1809 meae
387 1742 420 1805 in
443 1738 706 1806 confractionem:
736 1738 914 1803 scrutinane
937 1738 1125 1803 ecmtinanit
1147 1739 1180 1802 et
1201 1739 1346 1821 proiecit,
1372 1742 1408 1804 et

273 1844 425 1911 exultauit
461 1843 546 1909 uites
584 1862 666 1909 enea.
717 1842 816 1908 Item
851 1844 890 1907 In
928 1840 1140 1925 euangelio
1177 1841 1406 1907 secundum

272 1948 530 2013 matthaeum:
554 1944 608 2011 Ait
628 1945 730 2011 ieaue:
754 1942 856 2010 simile
880 1944 929 2009 eat
950 1962 1081 2027 regnum
1097 1943 1258 2009 caelcmm
1280 1944 1406 2011 homini

271 2047 503 2133 patrifamiliae,
534 2047 588 2131 qui
616 2048 754 2132 prediuit
782 2049 883 2132 primo
911 2067 1005 2113 mane
1034 2046 1211 2113 conducere
1240 2049 1408 2131 operariae
1421 2078 1450 2118 ιε

218 2290 242 2331 a
272 2268 319 2327 nin
341 2266 418 2342 pigri
439 2266 562 2326 traneiui
583 2269 612 2325 et
633 2283 683 2342 per
704 2266 818 2327 uincam
840 2267 930 2327 etnlti.
973 2267 1013 2326 In
1042 2267 1217 2327 hieremia
1237 2283 1304 2341 cap
1398 2288 1407 2326 ε

270 2354 406 2413 Pastores
428 2352 510 2412 multi
532 2352 788 2413 extermiuauerunt
808 2353 921 2411 niueam
941 2370 1042 2412 meam.
1084 2353 1172 2412 Item
1194 2353 1265 2411 ibi:
1286 2352 1352 2427 ligo
1374 2355 1409 2413 te

271 2438 400 2515 plantadi
422 2439 534 2499 uincam
555 2438 672 2497 electum
694 2437 832 2513 quomodo
853 2454 992 2498 conuersa
1012 2455 1044 2498 ea
1069 2438 1100 2497 in
1121 2437 1309 2499 amarItudIne
1330 2440 1408 2499 uifia

271 2525 372 2586 aliene.
413 2524 454 2583 In
476 2540 558 2584 caea
580 2540 654 2598 cap.
743 2542 750 2582 :
777 2523 868 2585 Vinea
888 2524 919 2583 in
939 2524 1083 2583 macheria
1102 2525 1179 2583 hena
1200 2524 1317 2584 ierahel.
1360 2526 1408 2584 In

271 2610 368 2671 ichcl
389 2626 461 2685 cap.
560 2628 568 2667 t
592 2610 669 2669 (lena
691 2610 767 2669 enim
789 2609 919 2669 ascendit
941 2611 1149 2685 superterram
1171 2627 1263 2669 meam
1284 2627 1450 2684 uacueaa

271 2696 367 2771 posuit
388 2696 501 2755 uincam
521 2711 612 2755 meam
635 2694 665 2753 in
688 2693 839 2755 desertum.
881 2696 923 2754 In
949 2697 1091 2756 mathae
1113 2712 1186 2770 cap.
1209 2694 1277 2753 XX:
1304 2696 1406 2755 Simili

217 2908 393 2991 chaneiui
414 2910 444 2967 et
463 2925 514 2983 per
535 2907 647 2966 uincam
671 2908 761 2967 stulti.
804 2908 845 2967 In
867 2908 1045 2968 hieremia
1065 2924 1142 2983 cap.
1231 2910 1406 2970 :Paterae

270 2994 352 3053 multi
382 2993 506 3053 demoliti
534 2994 602 3052 aunt
630 2994 743 3052 niueam
764 3011 856 3053 meam
877 2994 1042 3069 usquein
1063 2993 1204 3053 decatum
1225 2994 1403 3054 ecIItudiuia.

269 3078 359 3137 Item
389 3096 461 3154 cap.
572 3098 579 3135 ι
612 3078 675 3153 Ilgc
709 3080 802 3138 autern
837 3080 966 3155 plantaui
998 3082 1027 3139 te
1058 3081 1171 3139 uincam
1191 3108 1259 3142 *aaa
1280 3080 1403 3140 electam

270 3180 385 3238 neque
407 3180 544 3224 conuersa
565 3180 596 3223 ea
618 3164 648 3223 in
671 3182 800 3241 prauum,
823 3166 908 3225 niuea
930 3165 1031 3224 alicua.
1066 3165 1106 3224 In
1129 3181 1211 3225 caea
1233 3183 1305 3242 cap.
1392 3185 1445 3229 τις

269 3247 344 3309 Vntia
374 3249 508 3309 Ircndcea
536 3250 642 3309 israhel
667 3268 780 3325 neque
804 3251 959 3311 secundum
979 3249 1186 3312 multitudiuem
1207 3251 1316 3311 [rudus
1340 3253 1400 3312 ani.

268 3333 309 3394 In
330 3334 426 3395 ichel
448 3352 522 3410 cap.
614 3354 621 3394 :
645 3336 722 3397 (lena
737 3336 813 3396 enim
827 3336 956 3396 accendit
970 3352 1055 3412 anper
1075 3338 1180 3395 terrm
1201 3354 1291 3397 meam
1311 3337 1402 3397 fortia

268 3421 297 3479 et
325 3420 539 3481 Innumerabihe
568 3439 681 3497 unque
711 3421 768 3481 alhi
797 3422 867 3481 lacti
896 3423 965 3481 aunt
988 3422 1060 3481 rami
1081 3422 1153 3483 eiua.
1198 3422 1401 3483 seeundum

268 3507 448 3567 matheum
470 3522 544 3583 cap.
567 3508 636 3568 XX:
667 3507 763 3566 Simile
793 3509 839 3567 eet
867 3524 987 3581 regnum
1018 3507 1158 3567 caelorum
1185 3508 1292 3567 homiui
1318 3510 1401 3583 patri

368 3714 478 3770 amer.
499 3716 540 3781 12,
557 3716 603 3775 10⁴
696 3713 811 3770 emer.
828 3714 853 3784 a,
870 3714 903 3768 ar
1008 3714 1089 3771 roc.
1108 3714 1181 3781 10‚1
1287 3713 1402 3781 anona

267 3800 407 3866 neca
510 3800 805 3871 anamael-e

316 3998 333 4050 4
356 3994 583 4066 concupisciuflem
606 3997 629 4053 S
727 3996 774 4051 ubi
796 4012 875 4067 cupra
898 3996 1014 4053 MVLO
1119 3998 1136 4051 6
1161 3996 1336 4051 amaritudide
1360 3998 1402 4052 II

268 4082 317 4139 Vc
392 4098 483 4138 caecae
502 4082 530 4147 S,
561 4097 622 4143 eeae
640 4082 678 4136 Μ
756 4082 772 4135 'l
790 4081 923 4136 macheria
941 4082 1052 4137 SMVO
1123 4080 1326 4136 aunem-Vt
1349 4113 1362 4126 -·

263 4168 331 4224 Item
349 4198 382 4209 -
399 4166 529 4223 dacendii
546 4196 579 4209 -
597 4168 646 4222 Ait
663 4166 797 4222 -cht-
814 4167 843 4221 in
868 4166 1031 4237 maritae
1056 4167 1110 4221 auia
1136 4183 1185 4222 cac
1205 4168 1305 4223 V·····
1341 4170 1397 4224 icel

267 4256 291 4311 0
375 4254 575 4308 lucentinus
592 4252 691 4309 MLO:
717 4256 838 4308 ecrutaue
856 4250 1228 4322 ὅρμων-ἐξηρώησαν)
1316 4254 1351 4308 la
1367 4257 1397 4309 in

263 4338 390 4409 cuuaugl.
408 4354 459 4394 aec.
476 4338 560 4393 math
579 4340 603 4395 S
703 4340 736 4393 15
754 4338 847 4409 prodit
861 4338 940 4404 11¹0,
969 4338 1070 4409 prchIt
1086 4339 1115 4394 L
