3159 4967
381 441 430 495 De
447 437 575 493 diuinis
593 438 774 506 seripturis
793 438 865 492 siue
883 439 1064 507 Speculum.
1224 438 1287 506 605

159 630 324 695 uenientes
348 629 388 693 ad
410 628 602 709 baptismum
624 646 715 693 suum
742 626 821 691 dixit
844 626 884 690 ad
908 646 977 691 eos:
1008 626 1173 709 progenies
1195 626 1286 710 uipe-

157 753 277 811 rurum
301 733 371 815 quis
394 731 532 797 ostendit
553 732 643 796 uobie
665 731 767 813 fugite
790 732 830 796 ab
851 730 900 795 ira
922 730 1077 795 uenture?
1099 729 1195 795 feeite
1212 748 1286 813 ergo

158 836 281 903 fruetus
304 836 415 918 diguus
437 835 658 917 paenitentiae.
690 834 723 898 et
743 853 782 899 ue
799 833 941 899 dixeritis
962 834 1046 899 intre
1067 853 1141 899 uos:
1164 834 1288 916 patrem

159 940 313 1004 hebemus
336 939 496 1004 abrahum.
529 938 599 1003 dieo
622 937 705 1003 enim
727 937 828 1014 uobis,
853 936 999 1019 queniam
1016 936 1127 1019 potens
1144 939 1192 1001 est
1208 936 1287 1002 deus

131 1041 200 1108 ede
221 1042 381 1124 lapidibus
407 1042 477 1106 istis
500 1041 653 1105 suscitare
681 1040 764 1105 filies
788 1040 935 1104 abrahae.
974 1040 1038 1103 iam
1062 1039 1145 1105 euim
1167 1040 1288 1105 securis

160 1132 202 1209 ed
231 1143 372 1209 redicem
402 1144 522 1209 arboris
551 1144 655 1226 posita
680 1144 744 1209 est:
776 1144 876 1209 omnis
901 1161 974 1225 erge
998 1143 1100 1219 arbor,
1124 1160 1204 1225 quae
1227 1162 1288 1207 uou

159 1247 237 1311 feeit
265 1246 402 1311 fructum
430 1248 557 1324 bouum,
589 1246 751 1312 excidetur
777 1246 868 1311 etin
896 1246 969 1328 igne
991 1245 1144 1310 mittetur.
1189 1246 1288 1311 Item

159 1350 266 1414 illie:
290 1350 391 1415 Amen
415 1369 505 1415 emen
529 1349 600 1414 dieo
614 1350 715 1427 uobis,
740 1350 814 1431 quia
830 1348 930 1414 omnis
947 1348 999 1431 qui
1020 1348 1097 1413 feeit
1111 1348 1287 1431 peecatum,

161 1472 272 1518 seruus
308 1455 357 1518 eet
388 1454 522 1536 peceati.
561 1471 672 1518 seruus
707 1453 812 1517 eutem
847 1470 907 1516 uon
941 1453 1049 1517 manet
1077 1452 1108 1515 in
1139 1450 1289 1515 domem

120 1584 148 1622 ιο
163 1556 335 1634 aeteruum,
365 1556 450 1621 filius
478 1557 587 1621 munet
607 1556 639 1621 iu
663 1556 836 1621 aeternum.
874 1554 900 1619 si
925 1572 998 1638 ergo
1020 1553 1106 1619 filius
1128 1572 1185 1619 uos
1206 1552 1289 1619 libe·

160 1658 256 1737 rauit,
286 1677 361 1723 uere
390 1659 482 1725 liberi
507 1659 603 1723 eritis.
642 1658 708 1723 seio
732 1656 806 1740 quie
830 1674 937 1721 semen
961 1659 1097 1723 abrahae
1121 1657 1207 1735 estis,
1232 1655 1289 1721 sed

162 1762 314 1844 quaeritis
336 1781 388 1827 me
410 1761 598 1839 interficere,
623 1761 697 1844 quia
719 1778 821 1825 sermo
844 1778 934 1825 meus
952 1779 1012 1825 neu
1029 1761 1114 1844 eupit
1134 1760 1167 1825 in
1188 1758 1287 1824 uobis.

162 1883 220 1948 ego
255 1865 338 1948 qued
371 1866 438 1931 uidi
471 1866 547 1947 aput
580 1865 700 1947 petrem
740 1882 847 1928 meum
885 1863 1013 1946 loquor,
1051 1864 1083 1929 et
1116 1882 1173 1929 uos
1208 1880 1289 1944 quae

162 1967 289 2033 uidistis
312 1968 387 2050 aput
408 1969 531 2050 pedem
558 1969 700 2033 uestrum
727 1965 844 2032 inuitis,
888 1968 989 2031 Item
1018 1968 1124 2032 illie:
1159 1966 1224 2031 Vos
1253 1984 1290 2029 ex

123 2095 149 2135 15
161 2071 252 2152 pete
283 2070 408 2137 diabole
440 2071 526 2150 estis,
557 2071 590 2135 et
619 2070 778 2135 desideria
806 2068 905 2151 patuis
929 2071 1026 2135 uestri
1049 2069 1154 2135 faeere
1175 2069 1289 2135 uultis:

161 2172 217 2237 ille
241 2172 323 2238 euim
345 2173 505 2239 homicida
525 2173 586 2238 fuit
609 2175 648 2239 ab
669 2174 770 2251 initio,
795 2172 827 2235 et
849 2172 881 2236 iu
903 2174 1037 2239 uerItate
1059 2193 1120 2239 uon
1136 2174 1234 2251 stetit,
1259 2172 1291 2237 et

162 2275 281 2340 ueritas
309 2295 369 2340 nou
399 2276 448 2340 eet
476 2276 507 2339 iu
538 2295 583 2341 eo.
629 2277 729 2341 Item
751 2277 859 2342 illie:
884 2276 945 2357 Qui
969 2277 1017 2340 est
1041 2295 1077 2341 ex
1101 2277 1168 2354 dee,
1193 2277 1291 2341 uerba

163 2467 254 2537 arbor,
284 2486 355 2541 quae
384 2484 441 2526 non
463 2466 533 2526 feeit
553 2467 676 2527 fructum
697 2468 811 2537 bonum,
843 2468 985 2526 excidetur
1007 2470 1035 2526 et
1062 2467 1130 2543 igue
1152 2470 1288 2527 mittetur.
1321 2492 1342 2531 α

162 2554 251 2612 Item
274 2572 348 2629 cap.
370 2554 414 2611 H:
443 2553 533 2611 Amen
556 2570 636 2611 emen
659 2554 720 2613 dieo
742 2554 834 2623 uobis,
862 2554 929 2628 quie
950 2554 1041 2613 omnis
1064 2555 1112 2627 qui
1135 2547 1204 2613 feeit
1225 2572 1289 2628 pee-

124 2640 256 2698 meatum
280 2657 379 2698 seruus
401 2642 445 2699 eet
466 2656 579 2712 usque
601 2641 630 2697 et
651 2656 703 2698 uos
718 2657 790 2713 quae
806 2640 921 2699 uidistis
945 2640 1019 2714 apud
1034 2642 1142 2713 patrem
1162 2642 1289 2699 uestrum

163 2724 282 2784 IaeIetie.
326 2726 414 2784 Item
437 2742 509 2799 eap.
531 2725 576 2783 II:
603 2725 659 2784 Vos
687 2742 721 2783 ex
743 2727 823 2801 patre
847 2726 957 2785 diabulo
979 2726 1058 2785 estis.
1103 2726 1191 2785 Item
1219 2726 1288 2785 ibi:

163 2810 219 2881 Qui
248 2812 292 2868 eet
321 2828 355 2869 ex
384 2812 434 2869 dee
462 2812 551 2869 uerba
573 2810 617 2868 dei
640 2812 737 2870 audit:
767 2812 831 2870 ideo
852 2827 905 2871 uos
926 2828 981 2871 non
1005 2810 1136 2882 audistis,
1168 2813 1235 2887 quia
1257 2830 1291 2871 ex

163 2984 192 3040 et
214 2981 432 3040 eeddueeeomm
453 2983 599 3042 uenientes
622 2984 658 3041 ad
679 2984 853 3057 baptismum
872 3001 953 3042 suum
969 2983 1040 3043 dixit
1061 2983 1118 3042 eis:
1141 2984 1291 3058 progemes
1319 3005 1340 3065 μ

161 3067 321 3141 uiperarum
353 3084 465 3141 usque
498 3068 640 3128 exeidetm
668 3070 697 3127 et
728 3070 758 3127 111
787 3070 883 3143 ignem
912 3070 1047 3129 mittetur.
1094 3069 1291 3128 Secundum

123 3152 350 3212 miohennem
373 3169 447 3228 cap.
469 3154 551 3213 VIII:
584 3154 673 3213 Amen
707 3172 787 3213 amen
821 3154 883 3213 dieo
915 3154 1008 3225 uobis,
1040 3155 1106 3229 quia
1128 3154 1219 3215 omnis
1242 3156 1289 3229 qui

162 3239 232 3297 feeit
253 3241 398 3311 peecatum
426 3256 525 3297 seruus
548 3242 593 3299 eet
613 3241 721 3315 peceati
743 3257 854 3315 usque
877 3243 905 3298 et
926 3258 978 3300 uos
1001 3248 1055 3315 qud
1075 3240 1190 3300 uidistis
1215 3242 1288 3315 apud

164 3326 271 3399 patrem
294 3326 419 3383 uestrum
440 3324 545 3383 facitis.
583 3326 672 3383 Item
693 3326 774 3384 illie
797 3343 869 3400 cap.
886 3328 967 3387 VIII:
990 3326 1047 3385 Vos
1071 3344 1104 3385 ex
1127 3328 1206 3401 patre
1230 3326 1289 3385 dia·

164 3410 229 3468 bole
258 3410 328 3468 estis
358 3426 470 3483 usque
501 3411 645 3485 quianon
667 3412 839 3471 estueriiae
861 3411 891 3470 In
913 3427 955 3469 eo.
998 3412 1087 3471 Item
1110 3412 1193 3470 illie
1217 3428 1289 3487 cap.

163 3496 251 3555 VIII:
281 3494 337 3564 Qui
365 3497 464 3554 estex
494 3496 553 3566 dee,
584 3498 671 3556 uerba
693 3496 738 3555 dei
764 3498 979 3571 eudItueque
1002 3514 1035 3555 ex
1058 3497 1107 3556 deo
1130 3499 1289 3556 nonestis.

268 3676 356 3731 810h.
373 3675 399 3741 8,
417 3676 520 3729 84-38
624 3677 657 3730 14
674 3676 711 3731 ib.
728 3676 763 3729 44
867 3678 899 3731 17
917 3676 953 3733 ib.
972 3678 1006 3731 47

217 3848 230 3901 1
260 3846 294 3901 ud
321 3848 373 3916 eeu]
401 3847 439 3901 eie
466 3847 523 3916 Oe,
552 3846 646 3907 αὐτοῖς
776 3848 793 3900 2
819 3846 903 3916 fugire
931 3848 989 3902 SM
992 3866 999 3901 ε
1028 3848 1118 3917 fugere
1149 3848 1227 3903 VLG

163 3933 297 3988 31111111
316 3933 361 3987 Μι
458 3932 621 4001 penitentiae
643 3934 717 3988 VLG
816 3933 960 3988 tebreem
985 3934 1011 3987 V
1102 3935 1224 4003 quoniam
1243 3935 1292 3990 Se:

165 4008 357 4090 quamue
458 4018 604 4073 5filiueS
703 4020 829 4089 6queS
930 4021 1030 4090 'tigne
1053 4020 1087 4075 S:
1116 4021 1205 4089 Ignem
1229 4020 1295 4075 MV

165 4107 216 4161 LC
228 4109 300 4175 (cap.
316 4105 448 4172 CXIIII)
536 4104 616 4159 8ubi
633 4122 712 4175 eupru
729 4106 846 4160 MVLO
929 4108 962 4161 10
979 4122 1027 4161 uoe
1045 4106 1115 4161 filiu·
1133 4107 1171 4160 Μ
1174 4107 1224 4161 VL

166 4193 197 4247 11
226 4192 299 4245 eritis
323 4190 394 4244 scv:
424 4190 488 4243 eetie
510 4191 600 4244 ΜΠ,
703 4191 735 4245 13
761 4206 848 4245 meum
865 4194 967 4260 putrem
990 4192 1015 4245 L
1121 4193 1152 4245 14
1177 4192 1291 4247 Item-

164 4279 218 4333 1111
230 4294 302 4346 -ρ,
321 4281 382 4345 607,
401 4281 418 4330 6
435 4278 507 4331 uitae
525 4293 575 4332 mn.
599 4278 624 4330 V
712 4279 759 4332 ubi
777 4296 855 4348 supra
873 4280 960 4335 MLC
971 4280 1033 4349 (ctu.
1046 4283 1091 4348 17)
1187 4281 1219 4333 15
1237 4280 1292 4335 die-

164 4365 228 4419 bulu
247 4363 295 4418 SL
398 4364 430 4417 16
449 4366 477 4417 et
494 4365 593 4419 ueritas
612 4365 645 4419 S:
675 4367 736 4434 quie
752 4367 852 4421 ueritus
870 4367 960 4423 MLG
