3159 4967
397 448 446 504 De
463 448 593 505 dininia
609 450 794 520 scriptoria
812 450 884 505 eino
901 450 1084 521 Bpeonlunn
1243 453 1309 522 609

173 638 333 722 psalmom
371 639 478 715 habet,
516 637 692 705 doctrinam
727 638 834 717 habet
870 638 1163 723 interpretationem
1200 642 1305 710 habat

175 742 280 808 omnia
314 742 355 807 ad
389 740 645 809 aedificationem
676 742 758 809 iiant
788 742 888 809 notia
926 744 1027 810 Itoni
1055 746 1192 827 patruo
1215 764 1305 829 apo-

173 844 302 911 atolne
323 847 363 911 in
386 846 564 929 epistula
584 848 620 911 I:
641 846 751 913 Parati
773 864 898 930 comper
914 846 956 912 ad
974 846 1204 915 confessionem
1220 849 1306 915 omni

171 948 315 1031 poscenti
337 968 358 1014 a
379 947 471 1014 uobia
498 948 631 1013 uerbum
655 946 695 1012 de
716 944 782 1011 ide
805 946 837 1011 et
860 966 925 1030 epa,
956 966 1037 1031 qnae
1066 948 1098 1014 in
1124 948 1216 1016 uobia
1240 950 1304 1015 aeti

147 1068 247 1120 coum
267 1052 426 1119 modoetia
447 1053 481 1117 et
507 1052 621 1117 timore
642 1049 869 1117 coneciontiam
890 1050 1043 1117 habeutea
1064 1052 1190 1132 bonam,
1213 1052 1250 1117 nt
1270 1052 1303 1117 in

172 1172 211 1221 eo
233 1156 317 1239 qnod
347 1156 528 1221 detractant
550 1154 589 1221 de
610 1154 703 1221 nobie
723 1152 965 1235 confundantur,
992 1155 1139 1222 uidentes
1161 1157 1302 1225 uernam

171 1258 287 1324 bonam
311 1259 344 1325 in
367 1259 485 1325 cincto
507 1258 789 1325 conuersationenn

684 1443 795 1528 xcii.

191 1625 233 1666 DE
255 1624 353 1667 SEBVO
375 1624 482 1665 rmum
503 1624 543 1665 BT
564 1623 730 1665 Pavum
751 1624 792 1665 H
814 1620 1055 1667 conomionn
1077 1622 1281 1668 bomolini.

132 1763 158 1803 ro
213 1738 256 1803 In
277 1737 517 1820 prouerbiie:
547 1736 666 1805 Semne
692 1737 832 1823 prudens
855 1738 1010 1807 obtinebit
1030 1730 1229 1809 dominorum
1249 1740 1301 1806 in-

168 1840 380 1923 prudentiam,
408 1841 442 1906 at
472 1840 554 1907 inter
586 1839 700 1907 iratres
734 1838 850 1908 diuidit
880 1843 1013 1927 partem.
1057 1844 1159 1912 Item
1191 1844 1299 1911 illic:

169 1943 249 2009 liiiio
283 1944 392 2011 dolooo
423 1944 502 2011 nihil
535 1946 595 2011 erit
626 1945 716 2012 boni:
752 1964 844 2012 sarno
873 1946 979 2012 autom
1002 1946 1137 2030 sapienti
1158 1948 1299 2031 prosperi

168 2136 255 2196 habet
287 2154 399 2211 neque
433 2136 527 2196 omnia
556 2136 592 2194 ad
624 2136 846 2195 aedificationem
874 2137 953 2197 fiant.
996 2138 1131 2198 Petrus
1160 2140 1298 2214 inepi-
1331 2166 1352 2209 a

169 2222 305 2282 otnlai
333 2240 406 2297 cap.
428 2222 485 2281 x1:
516 2222 616 2281 Parati
650 2238 760 2297 semper
792 2224 883 2282 estote
916 2224 952 2282 ad
985 2223 1190 2283 confessionem
1223 2226 1298 2285 anmi

131 2308 297 2385 reposcenti
318 2324 435 2382 neque
456 2306 586 2367 uidentes
608 2300 734 2367 noetram
754 2308 785 2366 in
808 2308 914 2367 cinito
936 2310 1186 2370 conneraadonem.

211 2394 295 2454 xcii.
318 2414 360 2455 nn
382 2412 480 2455 annuo
502 2412 609 2454 ninam
630 2413 671 2453 ror
691 2412 858 2454 navunnna
878 2410 919 2454 nn
940 2412 1181 2457 commoninrorur
1202 2412 1297 2457 norri-

167 2499 288 2542 nonam.
318 2478 358 2538 In
379 2478 588 2555 prouerbiie
610 2494 684 2554 cap.
707 2479 800 2539 XVII:
831 2478 937 2538 &rnna
966 2480 1081 2554 capiens
1109 2481 1300 2541 dominabitur

167 2566 235 2626 iiliie
257 2565 354 2625 stulte
376 2568 406 2624 et
426 2564 500 2624 inter
521 2565 624 2624 fratrea
649 2564 833 2624 hereditatem
855 2564 971 2624 diuidet
1015 2565 1106 2625 Item
1128 2583 1201 2642 cap.
1290 2586 1297 2625 :

166 2651 240 2711 Filio
271 2651 362 2711 doiooi
389 2651 462 2710 nihil
490 2650 544 2710 erit
572 2651 649 2723 boni,
679 2666 762 2710 uerno
793 2653 886 2709 antem
912 2649 1043 2726 prudenti
1065 2652 1194 2728 prosperi
1216 2655 1299 2711 amnt

129 2825 294 2883 mnostrum
322 2840 437 2897 usqne
467 2822 561 2881 omnia
590 2821 627 2879 ad
649 2820 871 2881 aedificationem
892 2820 971 2880 fiant.
1015 2820 1146 2881 Petrus
1168 2822 1205 2883 in
1227 2823 1296 2899 epi·
1326 2853 1350 2911 μ

167 2909 269 2969 atala
290 2908 305 2968 1
327 2925 401 2984 cap.
423 2908 464 2967 X:
493 2908 593 2967 Parati
623 2923 733 2983 eemper
762 2906 799 2966 ad
825 2906 1048 2969 satisfactionem
1071 2908 1146 2966 omni
1168 2909 1297 2983 poscenti

165 3012 218 3055 uoa
239 2996 376 3055 rationem
399 3009 513 3068 unque
534 2994 660 3053 nestram
681 2994 784 3053 bonam
806 2993 836 3051 in
859 2992 964 3053 christo
987 2993 1238 3052 condennationem.

209 3081 293 3141 xcii.
323 3101 365 3142 nn
395 3099 492 3141 annuo
522 3099 630 3141 rmnrn
658 3098 698 3140 nn
722 3097 889 3140 nnvnnnnn
910 3097 950 3139 nn
973 3096 1179 3141 commemoria
1200 3098 1295 3140 nonu-

165 3186 285 3229 nonvrr.
315 3167 355 3226 In
376 3165 587 3241 prouerbiio
610 3181 683 3240 cap.
705 3164 802 3225 XVH:
833 3164 938 3223 Seruus
969 3165 1083 3239 sapione
1107 3164 1298 3225 dominabitur

128 3252 232 3313 miliia
254 3252 351 3313 stulta
373 3254 402 3309 ot
423 3252 497 3310 inter
517 3252 621 3309 iratres
642 3250 826 3310 hereditatem
842 3250 957 3309 diuidet
994 3250 1084 3310 Item
1107 3268 1181 3327 cap.
1197 3252 1295 3312 nnn:

164 3338 238 3397 Pilio
267 3338 363 3398 doloso
390 3337 462 3397 nihii
491 3336 546 3397 erit
573 3336 650 3409 boni,
681 3352 765 3397 seruo
787 3337 888 3417 *numm
917 3336 1042 3410 sapienti
1063 3337 1192 3413 prosperi
1213 3340 1297 3398 erunt

267 3518 314 3573 81
331 3518 446 3588 Pena,
465 3519 497 3573 15
515 3520 544 3571 et
561 3518 594 3571 lo
677 3517 711 3570 10
728 3517 806 3572 Pron
826 3516 867 3585 17,
884 3516 902 3571 2
983 3516 1016 3570 12
1033 3516 1111 3572 Pron.
1130 3517 1172 3583 14,
1193 3518 1225 3573 15

216 3691 230 3744 l
255 3688 517 3759 interpraetationcm
540 3686 598 3741 SM
699 3686 716 3739 2
736 3691 804 3740 ante
821 3687 909 3741 omnia
927 3688 1194 3757 immaniinmanu
1210 3687 1295 3743 habet

163 3776 251 3832 HLO
350 3773 428 3827 nobie
451 3788 500 3828 om.
524 3773 628 3829 iinon
731 3773 815 3842 apoet.
834 3786 886 3827 om.
904 3772 1022 3829 mc
1127 3772 1294 3843 taepiatula

38 3922 42 3927 ,
164 3862 189 3919 S
274 3861 384 3930 aernper]
403 3859 471 3915 odd.
490 3861 575 3913 aetote
593 3856 711 3914 MVLO
799 3858 945 3913 deuotio
961 3856 1079 3929 nubum]
1098 3876 1145 3913 non
1162 3862 1293 3916 rationem

164 3966 181 4004 a
206 3946 282 4002 nobie
312 3946 335 4001 0
358 3946 406 4015 (cf.
428 3949 457 4014 o)
561 3944 613 4014 eat]
641 3944 709 3999 add.
737 3944 785 3998 edd
812 3944 945 3999 Mance
1047 3946 1064 3999 6
1091 3944 1293 4001 detractandam

161 4034 238 4089 nobie
266 4034 299 4097 S,
329 4032 472 4087 detrahunt
497 4030 532 4087 de
556 4030 635 4086 nobie
660 4030 777 4086 MVLO
804 4031 851 4099 (cf.
876 4031 954 4101 Vaip.
979 4030 1000 4085 Ι
1022 4032 1098 4087 Patr.
1121 4035 1149 4099 2,
1173 4034 1221 4101 12)

162 4123 178 4175 'i
203 4121 301 4175 bonam
327 4135 377 4174 one.
404 4118 442 4173 M
445 4117 522 4173 Vno
651 4118 668 4171 9
693 4116 818 4186 prudenti
844 4116 934 4173 MLO
1061 4118 1292 4173 commonitionem

161 4206 349 4262 dominicorum
373 4202 397 4260 S
497 4204 530 4257 lo
551 4202 686 4273 optinebit
706 4202 734 4257 L
837 4203 868 4256 11
889 4202 985 4257 diuidit
1003 4202 1160 4258 SMWLO:
1189 4202 1292 4259 diuidet

165 4295 222 4350 V’o
249 4291 399 4361 (dutciaco)
519 4293 609 4358 parton
639 4291 665 4343 V
790 4288 853 4358 illic]
880 4290 910 4343 in
934 4289 1080 4359 prouerbiia
1107 4288 1224 4347 mo

162 4380 195 4434 12
212 4378 331 4433 bonieS
431 4377 546 4446 capienti
563 4377 613 4433 So:
644 4375 768 4445 prudenti
784 4376 903 4432 MVLG
957 4412 961 4429 .
1160 4400 1163 4411 ·

211 4482 271 4547 111,
288 4484 357 4552 nug.
374 4482 400 4547 a,
420 4494 441 4533 ι.
1151 4479 1186 4535 ao
