3159 4967
374 467 420 522 De
439 464 567 520 diuinis
584 467 765 536 seripturis
783 465 854 521 niue
872 467 1059 537 Speculum.
1219 468 1281 533 649

25 642 28 704 ἶ
151 653 339 737 propagines
363 655 431 719 eius
453 655 666 720 rest'tuentur.
703 656 734 719 ot
749 655 941 737 cognoscent
956 652 1060 719 omnia
1073 652 1162 737 ligna
1176 654 1280 740 campi

23 768 26 807 1
152 754 226 837 quia
256 773 314 839 ogo
337 775 406 822 sum
431 757 585 835 dominns,
617 758 670 841 qui
692 758 824 822 humilio
853 757 975 841 h'gnum
999 757 1098 821 altum
1122 759 1153 822 et
1177 758 1281 823 exalto

23 872 25 913 ῑ
149 856 271 942 h'gnum
300 860 419 927 humile
444 862 475 926 et
498 862 633 927 arefaeio
659 860 780 946 tignum
804 860 905 926 uiride
929 862 961 926 et
982 862 1176 926 reuirescere
1197 858 1280 925 faeie

149 958 270 1043 lignum
306 962 439 1030 aridum.
484 964 584 1030 Item
614 964 651 1029 in
682 963 1027 1048 osaiapropheta:
1062 963 1172 1029 Omnis
1206 982 1279 1029 earo

123 1062 286 1143 aeonum,
311 1066 343 1130 et
366 1066 465 1131 omnis
487 1066 591 1151 gloria
612 1068 773 1133 hominum
789 1067 826 1131 ut
843 1066 900 1132 flos
922 1066 1015 1131 faeni.
1048 1067 1130 1132 aruit
1152 1066 1279 1131 faenum

24 1194 25 1201 ι
151 1166 182 1230 et
215 1166 274 1232 flos
308 1167 437 1248 decidit,
472 1169 603 1235 uerbum
639 1170 744 1235 autem
775 1170 894 1235 domini
921 1170 1029 1235 manet
1050 1169 1082 1233 in
1106 1168 1278 1235 aeternum.

23 1294 24 1299 ¹
149 1270 251 1335 Item
273 1270 378 1336 illie:
401 1272 485 1338 Eece
501 1272 616 1339 faciam
632 1292 715 1338 noua
732 1290 814 1357 quae
837 1290 917 1338 nuno
938 1273 1086 1352 orientur,
1110 1272 1279 1363 etfaciam

148 1371 179 1437 in
214 1373 338 1440 desorto
372 1375 459 1440 uiam
493 1374 525 1441 et
557 1376 589 1440 in
623 1376 709 1441 eieoa
741 1376 827 1441 terra
856 1375 981 1441 flumen.
1018 1374 1207 1441 benedicent
1227 1395 1279 1441 nno

148 1476 269 1544 bestiae
302 1480 379 1563 agri,
415 1482 533 1547 eirenes
569 1482 601 1547 et
632 1480 718 1547 filiae
746 1500 922 1565 passorum,
958 1478 1042 1565 quod
1073 1478 1216 1543 dederim
1245 1480 1278 1544 in

110 1603 136 1643 ιο
150 1578 274 1647 deserto
298 1600 413 1665 aquam
437 1583 469 1647 ot
489 1583 620 1648 flumina
649 1582 680 1649 in
705 1583 792 1648 sieoa
812 1584 899 1647 torro
920 1582 961 1648 ad
983 1581 1155 1667 potandum
1177 1600 1278 1665 genua

148 1700 253 1749 meum
289 1684 435 1765 electum,
471 1686 630 1771 populum,
666 1706 759 1770 quom
792 1686 870 1751 mihi
896 1684 1065 1770 adquiaiud
1097 1684 1131 1749 nt
1153 1684 1279 1751 enarret

147 1786 283 1854 uirtutes
304 1806 401 1853 meas.
448 1788 602 1873 Quoniam
619 1809 677 1874 ego
694 1790 775 1856 dabo
800 1808 915 1873 aquam
936 1788 969 1854 in
992 1788 1148 1882 eitimqoi
1164 1776 1277 1852 ambu'-
1321 1847 1329 1870 .,

145 1887 214 1954 lant
235 1890 267 1956 in
290 1890 451 1957 siccitate:
476 1893 508 1957 ot
529 1911 643 1976 ponam
666 1892 811 1977 spiritum
831 1911 939 1958 meum
960 1892 992 1956 in
1014 1891 1133 1956 semino
1154 1883 1278 1971 too‚'et

147 1992 264 2057 orietur
285 1993 322 2057 nt
343 1992 470 2059 faenum
490 1996 523 2060 in
537 1996 642 2061 medio
659 2014 769 2081 aquae,
795 1995 827 2060 et
844 1995 928 2060 sieut
942 1993 1022 2060 salix
1037 2013 1130 2060 aeone
1147 1993 1278 2059 flumina

108 2115 134 2155 ιι
148 2113 258 2177 aquae.
303 2096 344 2161 Et
367 2097 471 2162 omnia
484 2098 571 2181 ligna
588 2098 656 2183 agri
670 2097 823 2182 plaudent
836 2098 943 2164 ramis.
987 2098 1088 2163 Item
1109 2097 1147 2162 in
1168 2097 1276 2181 psal-

146 2215 203 2262 mo
227 2197 304 2264 011:
326 2198 428 2265 Homo
453 2198 536 2265 nient
557 2199 684 2265 faenum
700 2199 768 2267 dieo
784 2201 863 2279 eine,
887 2206 919 2263 et
940 2199 1024 2265 aient
1044 2199 1103 2266 dos
1124 2198 1208 2264 faeni
1228 2198 1277 2265 ita

145 2476 260 2519 neacere
291 2460 364 2519 faoio
397 2459 509 2535 lignum
542 2460 660 2520 aridum.
703 2460 742 2519 In
769 2460 874 2519 esaia
895 2476 968 2535 oap.
1057 2479 1064 2517 :
1097 2459 1171 2519 Eooe
1200 2460 1275 2523 saoio
1304 2481 1327 2522 α

145 2559 220 2604 nona
252 2561 325 2620 qnae
357 2562 432 2606 nnno
465 2546 589 2607 orientur
615 2548 644 2606 et
676 2546 780 2605 faniam
812 2547 843 2605 in
874 2546 984 2605 deserto
1011 2544 1088 2604 uiam
1110 2562 1224 2621 noque
1246 2549 1275 2607 et

146 2630 240 2690 omnia
260 2631 342 2705 ligna
364 2633 428 2705 agri
449 2632 585 2707 plaudent
605 2632 746 2691 manibus.
786 2631 828 2692 In
849 2631 989 2708 psalmo
1004 2630 1072 2689 011:
1092 2631 1185 2691 Homo
1199 2632 1276 2692 aient

103 2886 253 2961 solignun
286 2887 377 2947 uiride
407 2890 436 2947 et
464 2888 591 2947 frondere
623 2887 679 2947 feei
710 2886 821 2963 lignum
850 2886 969 2945 aridum.
1012 2888 1052 2947 In
1074 2888 1175 2947 esaia
1195 2905 1271 2963 oap.
1300 2910 1324 2970 μ

252 2992 260 3031 :
295 2972 393 3033 Omnis
423 2990 487 3034 oano
514 2972 609 3033 fenum
638 2974 666 3032 et
695 2972 787 3033 omnia
816 2972 910 3046 gloria
937 2972 999 3031 eino
1028 2973 1114 3047 quani
1133 2973 1186 3036 flos
1208 2974 1274 3048 agni

144 3075 257 3135 usqne
283 3060 400 3119 uerbum
427 3058 473 3119 dei
501 3059 591 3119 nostri
617 3058 706 3119 stanit
734 3058 763 3117 in
790 3059 943 3119 aetornum.
986 3058 1076 3119 Item
1102 3075 1175 3135 eap.
1264 3079 1272 3118 ι

143 3142 215 3203 Eooe
230 3160 284 3219 ego
306 3144 379 3205 doeio
401 3161 476 3205 noua
497 3146 525 3204 et
546 3160 622 3204 nuno
636 3143 770 3217 orientur,
792 3143 890 3217 utique
908 3142 1086 3217 eognoaootia
1102 3161 1137 3203 oa
1157 3162 1272 3220 noque

143 3228 253 3289 landem
285 3248 375 3290 meam
407 3230 544 3290 narrabit.
587 3229 628 3289 In
657 3230 799 3304 psalmo
829 3228 894 3289 011:
925 3228 1016 3288 Homo
1049 3229 1123 3289 aient
1156 3230 1272 3291 faenum

245 3479 262 3532 4
279 3480 323 3534 ne.
341 3479 384 3544 oo,
402 3479 471 3535 e-e
571 3480 586 3531 n
604 3478 648 3535 ns.
666 3478 708 3548 ae,
727 3478 827 3533 19-21
933 3480 967 3533 12
984 3480 1029 3535 aa.
1046 3480 1089 3545 ιι,
1106 3479 1124 3533 e
1141 3482 1169 3535 a
1185 3480 1204 3532 4

142 3564 349 3633 annm
453 3564 677 3629 mmmm

195 3803 208 3856 l
237 3804 381 3872 agnoooent
408 3801 435 3856 L
522 3801 682 3857 annonem
705 3840 711 3854 .
739 3801 880 3857 .uiridem
906 3802 930 3858 S
954 3802 1002 3871 (ef.
1025 3818 1056 3873 p.
1082 3806 1145 3873 570,
1170 3806 1200 3871 3)

139 3889 301 3943 reuiuescere
320 3887 438 3957 (niaeere
461 3888 492 3954 0)
510 3887 601 3943 Mne
708 3887 858 3957 deantes
966 3887 1153 3954 Moenum&
1179 3888 1270 3945 fenum

141 3991 257 4061 ΜΜ
343 3988 1204 4061 mmomnammmaffimo

138 4124 202 4164 eoee
217 4109 287 4163 dacio
305 4108 396 4165 Mne
496 4076 644 4197 9a÷renae
661 4110 678 4188 Q
696 4126 731 4165 ιιι.
748 4113 778 4176 2)
797 4110 844 4174 Μ,
874 4111 979 4180 aprinae
996 4110 1038 4179 L,
1068 4102 1161 4180 syrena
1180 4089 1229 4166 θ’

141 4210 174 4265 10
197 4212 225 4265 in
243 4212 339 4266 aiooam
359 4214 457 4267 terram
478 4210 505 4266 L
607 4210 806 4285 adpetendum
823 4229 921 4283 genna,
946 4212 1057 4267 κατίσαι
1073 4212 1104 4265 τὸ
1123 4212 1201 4279 γένος
1224 4273 1228 4282 ,

139 4296 172 4351 11
201 4299 324 4353 ennarret
349 4296 373 4352 S
472 4296 506 4352 12
532 4298 656 4369 quoniam
683 4298 717 4353 S:
747 4298 809 4369 quia
834 4299 921 4355 Meo
1023 4298 1056 4352 la
1080 4300 1108 4352 et
1130 4314 1181 4353 om.
1206 4299 1269 4354 ML

139 4384 165 4439 0
248 4384 282 4437 14
298 4384 329 4438 ut
346 4382 444 4440 MLO:
471 4384 541 4440 etS
627 4386 659 4439 15
678 4385 743 4455 egri]
763 4386 888 4441 siluarum
910 4384 939 4456 0,
965 4384 1114 4455 regioniao
