3159 4967
284 403 353 471 446
512 404 559 458 De
575 401 701 458 diuinis
718 404 898 474 scripturis
916 405 989 458 siue
1006 403 1186 475 Speculum.

292 592 458 676 obprobria
479 593 639 658 bominum
655 593 688 658 et
709 592 904 659 detractione
920 609 1028 658 eorum
1049 609 1088 658 ne
1110 594 1309 677 superemini.
1338 611 1425 661 narn

291 697 377 763 sicut
390 697 623 782 commentum,
645 696 692 762 ita
706 715 761 780 per
774 696 900 779 tempus
917 697 1134 762 absumentur:
1158 697 1190 764 ct
1205 697 1293 763 uelut
1306 697 1423 764 lanum

288 799 437 865 comedet
470 818 524 866 eoe
555 799 651 865 tinea.
688 799 812 865 iustitia
844 800 949 865 autem
982 819 1056 866 mea
1086 801 1119 865 in
1154 801 1315 867 aeternum
1343 805 1422 880 erit,

291 903 430 969 salutare
452 922 528 969 uero
549 922 655 970 meum
683 904 717 968 in
743 904 872 970 saecula
895 903 1102 971 saeculorum.
1139 905 1238 969 Item
1266 906 1423 973 tobias-c

291 1006 411 1073 Omnes
437 1008 569 1090 proximi
598 1009 661 1073 mei
692 1005 879 1074 deridebant
906 1007 1137 1078 medicantes:
1168 1007 1324 1092 quomodo
1354 1027 1464 1075 nous

288 1109 384 1175 timet
413 1111 466 1176 hic
496 1111 549 1193 qni
577 1111 642 1176 iam
670 1111 833 1194 quaesitus
864 1112 922 1189 est,
955 1113 990 1176 ut
1019 1111 1217 1178 occideretur
1244 1111 1340 1177 huius
1368 1112 1423 1178 rei

289 1231 397 1292 cansa,
429 1213 462 1277 et
489 1212 591 1297 ingiti
623 1213 780 1297 quomodo
808 1214 923 1280 iterum
952 1214 1056 1297 coepit
1087 1213 1220 1298 sepelire
1251 1215 1422 1281 mortuos?

290 1333 351 1400 ego
380 1317 486 1381 autern
514 1317 654 1383 intentus
682 1317 714 1383 iu
736 1317 894 1384 mundatis
918 1318 969 1383 dei
998 1337 1059 1384 uon
1091 1318 1242 1384 timebam
1265 1317 1342 1402 quid
1363 1317 1420 1384 le·-

289 1420 556 1503 qnereturhomo.
594 1421 695 1486 Item
716 1425 755 1488 in
776 1423 1107 1487 machabaeorum
1130 1423 1161 1486 l:
1188 1419 1419 1487 Auahisuini

291 1524 468 1606 peccatoris
497 1523 593 1589 nolite
620 1524 745 1603 timere,
776 1525 851 1608 quia
879 1525 981 1608 gloria
1010 1525 1077 1590 eius
1106 1524 1139 1592 in
1165 1524 1304 1590 stercore
1327 1523 1362 1589 et
1383 1525 1419 1589 in
1436 1541 1461 1580 ιο

292 1627 452 1692 uermibus
480 1627 547 1691 erit
585 1626 679 1692 hodie
701 1627 868 1693 extolletur
897 1628 929 1692 et
950 1646 1021 1694 cras
1043 1645 1103 1694 non
1124 1627 1311 1706 inuenietur,
1340 1628 1421 1710 quia

291 1729 468 1795 reuertatur
506 1729 547 1794 ad
582 1729 744 1812 puluerem
781 1749 889 1810 suum,
927 1730 960 1796 et
995 1731 1145 1814 cogitatio
1181 1730 1266 1796 illius
1301 1731 1418 1813 periet

291 1832 393 1896 Item
410 1832 447 1896 in
467 1832 676 1916 euangelio
695 1832 912 1899 secundum
928 1832 1188 1899 matthaeum:
1207 1833 1298 1898 Beati
1315 1833 1418 1910 oritis,

292 1953 364 1999 cum
393 1954 451 2000 nos
481 1935 552 2000 odio
574 1936 742 2001 habuerint
763 1936 905 2002 homines
930 1936 962 2001 et
983 1937 1112 2019 abigent
1133 1937 1166 2002 et
1186 1935 1420 2020 persequentur

232 2169 261 2211 er
291 2150 321 2210 in
354 2151 449 2212 secula
480 2153 646 2218 sacoma
687 2156 728 2218 In
760 2149 836 2216 tobi
862 2169 937 2230 cap.
1048 2173 1055 2212 ε
1090 2153 1195 2217 Omnes
1215 2155 1336 2229 proximi
1359 2156 1459 2215 meins

291 2235 475 2299 detrahebant
507 2256 551 2305 rue
584 2257 698 2314 usque
730 2255 786 2302 non
813 2241 946 2302 uuonan
968 2239 1036 2314 quid
1056 2240 1216 2314 loqueretur
1237 2242 1329 2308 bomo.
1374 2241 1417 2302 In

290 2323 536 2383 macabeornm
557 2340 632 2399 cap.
721 2343 728 2381 ε
758 2325 784 2383 A
805 2325 900 2385 uerbis
929 2324 985 2383 uiri
1013 2325 1170 2400 peccatoria
1194 2325 1281 2385 nolite
1303 2325 1416 2385 timere.

238 2479 242 2488 ‚
288 2407 330 2466 In
351 2410 543 2486 euangelio
564 2409 698 2469 mathei
720 2427 794 2487 cap.
884 2430 891 2469 ε
914 2409 997 2470 Beati
1019 2411 1099 2471 eritis
1122 2428 1208 2486 quum
1229 2427 1281 2470 uos
1304 2411 1417 2473 coeunt

238 2504 245 2514 '
289 2493 427 2554 homines.

232 2729 263 2790 p
289 2725 404 2784 usque
426 2711 456 2768 et
476 2709 588 2770 iustitia
608 2727 670 2768 mea
697 2709 727 2768 in
749 2709 929 2784 generatione
951 2710 981 2768 et
1002 2709 1233 2790 generacionem„
1263 2697 1304 2770 Iir
1333 2714 1415 2775 tobi
1431 2731 1458 2770 ru

291 2810 364 2870 cap.
452 2813 460 2851 ε
490 2795 656 2869 Arguebant
684 2797 778 2853 subm
807 2795 885 2854 illum
915 2810 1010 2852 omnes
1040 2795 1159 2870 proximi
1182 2796 1363 2870 cuiusque
1387 2801 1416 2858 et

289 2879 390 2940 mediis
422 2881 553 2940 noctibus
586 2880 739 2956 sepeliebat
771 2897 813 2939 ea.
869 2878 908 2939 ln
940 2881 1238 2940 machabaeorum
1269 2881 1366 2941 libro
1399 2885 1415 2944 1

291 2982 365 3042 cap.
388 2963 457 3026 XII:
486 2965 524 3026 llt
546 2954 678 3026 acerbis
707 2965 763 3025 uiri
791 2965 947 3042 peccatoris
976 2981 1032 3024 non
1061 2963 1212 3026 timueritis
1240 2983 1355 3041 usque
1386 2974 1415 3030 et

290 3050 424 3124 cogitatio
454 3051 516 3112 eius
548 3051 647 3126 periet.
692 3051 887 3110 Secundum
919 3051 1093 3110 matheum
1126 3068 1200 3128 cap.
1222 3051 1296 3112 1111:
1330 3053 1415 3119 Beati

292 3257 657 3396 llt¹{musaeo
760 3257 1157 3339 orranneeeee
1215 3259 1416 3324 nauatae,

342 3358 356 3396 θ

342 3542 357 3597 1
382 3541 571 3596 detractionem
595 3541 788 3598 SFMV¹L¹G¹
902 3542 919 3595 2
943 3543 1113 3598 absumentur
1134 3544 1213 3598 Mai:
1243 3545 1417 3600 manenter

291 3629 324 3694 S,
355 3630 520 3682 assumentur
535 3628 679 3685 FMVLC
694 3629 885 3699 wastinam)
987 3628 1067 3684 uelud
1084 3630 1146 3686 Mc
1246 3629 1313 3686 8in
1330 3634 1416 3686 aeter-

289 3730 353 3769 num
370 3714 473 3769 critzrt:
501 3717 592 3769 manet
607 3715 637 3768 in
654 3717 789 3769 aeternum
806 3715 944 3772 Fmvnc
1045 3716 1062 3769 4
1084 3715 1160 3770 tobia
1182 3717 1214 3786 S,
1245 3717 1306 3772 tobi
1324 3717 1420 3774 Fur

290 3800 344 3856 Lo
428 3799 570 3854 dhioiam
584 3801 628 3870 qui
638 3803 738 3855 meabas
750 3802 792 3854 est
809 3801 839 3861 V.
858 3801 988 3871 bamcrg.
1006 3816 1068 3870 sepe
1086 3803 1203 3871 quesitus
1220 3805 1262 3856 est
1278 3807 1348 3858 aad

289 3886 395 3956 icepit
411 3885 521 3954 sepelire
540 3885 572 3955 S,
601 3886 711 3955 sepelire
729 3887 815 3955 coepit
831 3885 898 3956 (cop
920 3887 949 3951 0,
968 3901 1025 3955 cap
1047 3887 1082 3955 V)
1100 3885 1245 3944 FMVLO
1345 3889 1363 3942 8
1384 3891 1416 3944 in

289 3988 340 4028 oua
359 3972 386 4026 L
488 3973 504 4025 9
526 3971 554 4024 in
571 3971 771 4028 machabeorum
786 3971 801 4025 1
818 3972 848 4042 S,
877 3973 905 4026 iu
922 3970 1072 4028 machabeis
1090 3972 1228 4029 FMVLG
1330 3974 1365 4028 lo
1384 3975 1415 4030 in

289 4076 340 4130 alt.
357 4091 408 4130 om.
426 4075 453 4130 L
548 4076 579 4129 11
597 4076 733 4131 hodiaeS
825 4075 858 4130 13
875 4077 903 4130 in
921 4066 990 4145 euug
1008 4077 1037 4139 δ’,
1066 4076 1094 4128 in
1112 4075 1276 4145 euangelium
1294 4077 1336 4146 M,
1361 4091 1414 4132 ora

288 4163 365 4217 'nen
387 4162 413 4215 V
504 4163 581 4217 math
599 4163 627 4228 S,
654 4163 800 4218 mattbemn
818 4163 848 4217 F
948 4163 981 4215 14
998 4161 1076 4216 hodio
1093 4161 1233 4216 habuerint
1252 4163 1280 4227 S,
1308 4162 1414 4218 oden'nt

290 4247 434 4304 rme
451 4248 497 4317 (cf.
514 4265 543 4318 p.
562 4251 669 4316 diod)
785 4247 895 4317 abigent
913 4247 1027 4314 SFMV,
1057 4246 1143 4316 amnne
1161 4245 1271 4316 abigent
1292 4247 1322 4312 0,
1353 4247 1412 4302 abi-

285 4332 361 4386 ciant
378 4332 404 4386 L
505 4335 674 4402 persecuntur
690 4333 763 4398 W,
791 4334 979 4402 persequuntur
996 4331 1085 4388 Mac
