3159 4967
256 426 324 493 474
480 422 528 477 De
544 420 673 477 diuinis
690 418 875 488 seripturis
893 417 966 472 siue
983 414 1165 487 Speonlnm.

258 611 423 677 oculorum
452 609 588 676 tuorum.
623 610 656 675 et
677 608 768 686 seito,
798 605 883 691 qnod
905 624 999 689 super
1020 606 1100 672 haee
1122 604 1228 672 omnia
1250 604 1391 672 addnoet

257 713 292 779 te
322 712 401 778 dens
429 712 461 777 in
490 711 652 777 indioinrn.
687 710 806 794 repelle
835 709 917 776 iram
940 727 960 774 a
981 707 1077 775 eorde
1105 708 1172 786 tuo,
1203 709 1236 774 et
1257 727 1388 775 remoue

257 815 432 900 nequitiam
455 831 590 880 aaarne
611 812 678 892 tna,
708 812 784 895 qnia
811 809 1029 878 adnleseentia
1050 810 1084 876 et
1105 808 1242 876 stultitia
1262 811 1390 878 unnitns

259 919 319 986 est
353 919 387 986 et
406 936 528 984 memor
550 917 619 982 esto
633 915 702 982 eins
716 915 772 998 qui
784 915 818 982 te
834 913 956 980 creauit
975 913 1008 980 in
1024 912 1135 980 diebus
1151 912 1388 980 adulescentiae

257 1021 344 1086 tuae.
388 1019 488 1085 Item
517 1019 555 1083 in
580 1017 775 1084 hieremia
796 1017 1010 1100 propheta:
1040 1014 1115 1082 Sors
1136 1035 1211 1082 mes
1232 1015 1388 1095 dominns,
1416 1037 1431 1079 e

259 1121 341 1188 diri:
368 1122 441 1188 ideo
464 1121 625 1187 sustinebo
646 1121 760 1202 ipenm.
794 1118 895 1184 bonne
924 1119 973 1184 est
994 1117 1139 1186 dominns
1162 1118 1389 1186 sustinentibus

259 1243 342 1290 enm.
377 1225 492 1304 minna,
522 1241 602 1307 qnae
632 1222 805 1306 quaesierit
835 1241 917 1302 enm,
946 1223 1063 1288 bonnm
1092 1223 1142 1288 eet
1171 1222 1326 1290 sustinere
1356 1223 1390 1286 et

257 1345 386 1411 sperare
407 1327 440 1393 in
462 1326 602 1393 salutare
625 1325 685 1394 dei.
720 1327 836 1392 bonnm
856 1327 906 1390 est
919 1325 989 1390 nire
1003 1343 1077 1390 enm
1090 1325 1265 1409 portauerit
1278 1326 1389 1409 iugum

257 1449 358 1515 mane
386 1431 420 1496 in
447 1430 612 1498 iuuentute
634 1448 709 1496 sna:
740 1428 865 1496 sedebit
886 1428 1089 1512 singulariter
1111 1429 1143 1496 et
1165 1427 1281 1507 silebit,
1314 1428 1391 1512 quia

256 1533 334 1600 tnlit
354 1551 449 1616 snper
470 1551 506 1599 se
526 1533 637 1617 iugum
650 1550 758 1616 mane.
794 1532 883 1600 dabit
903 1531 934 1598 in
958 1531 1042 1598 fossa
1058 1549 1093 1598 oe
1108 1551 1216 1598 enum:
1239 1531 1389 1598 sitamen
1404 1553 1431 1594 ιο

259 1638 310 1704 est
332 1655 404 1720 spes
425 1637 567 1721 patienti.
602 1636 692 1702 dabit
711 1635 901 1719 percutienti
923 1635 1086 1702 maxillam
1108 1653 1209 1713 suam,
1233 1635 1266 1700 et
1287 1633 1388 1701 satia-

256 1739 343 1804 bitnr
364 1739 396 1807 in
419 1737 607 1821 obprobriis:
636 1739 793 1821 quianon
815 1739 950 1822 repellet
970 1757 1021 1803 me
1043 1739 1075 1803 in
1099 1738 1262 1804 aeternnm
1284 1737 1389 1802 domi-

257 1861 327 1908 nus
356 1841 431 1927 qnia
452 1861 526 1908 enm
547 1842 772 1921 humiliarent,
797 1841 997 1908 miserebitur
1018 1840 1192 1906 seeundum
1206 1839 1389 1906 multitudi-

257 1963 332 2010 nem
353 1944 590 2011 miserioordiee
612 1963 698 2011 snae.
742 1945 843 2012 Item
864 1944 967 2010 tobi:
992 1944 1041 2010 Tu
1064 1948 1171 2010 autern
1191 1943 1225 2010 in
1245 1943 1389 2010 omnibus

260 2047 373 2115 diebus
393 2047 481 2114 uitae
500 2047 586 2127 tuae,
608 2046 666 2126 fili,
687 2047 765 2114 tirne
789 2047 885 2114 denm
906 2047 1007 2126 tunm,
1038 2047 1071 2112 et
1091 2065 1131 2112 ne
1152 2046 1234 2114 nelis
1255 2064 1389 2131 peeoare
1403 2065 1432 2106 1⁵

258 2149 314 2216 uel
341 2149 513 2233 praeterire
542 2150 712 2235 praeoepta
741 2149 827 2216 eins:
857 2150 1004 2233 qnoniam
1034 2148 1252 2215 misericordia
1281 2149 1314 2213 et
1341 2149 1389 2213 ira

260 2254 301 2318 ab
322 2251 392 2336 ipso
414 2252 472 2318 est
508 2252 646 2337 diligens
660 2254 767 2320 antem
788 2252 945 2320 iustitiam
963 2253 997 2318 in
1018 2252 1161 2320 omnibns
1177 2252 1288 2319 diebus
1302 2253 1389 2318 uitae

258 2356 336 2420 tune
357 2356 439 2422 bene
460 2355 557 2422 iaoito
579 2373 686 2422 eorem
707 2356 786 2440 ipso,
811 2357 844 2420 et
865 2356 928 2422 noli
950 2355 1111 2421 ambulare
1133 2356 1164 2420 in
1187 2355 1249 2422 uiis
1270 2355 1389 2440 iniqni-

207 2624 230 2665 α
260 2601 399 2660 lesoentia
425 2602 486 2662 tna.
530 2601 570 2659 In
592 2601 770 2662 hieremia
792 2617 867 2678 esp.
956 2621 964 2659 ε
995 2601 1061 2662 Sors
1083 2619 1146 2662 mea
1168 2603 1308 2674 dominns,
1331 2603 1389 2663 diri

260 2703 377 2763 nsque
399 2687 554 2747 seonndnrn
575 2687 783 2746 multitudinem
804 2687 1012 2747 miserirordiae
1035 2706 1111 2748 snae.
1154 2689 1195 2748 In
1215 2689 1292 2750 tobi
1315 2707 1388 2764 cap.
1402 2717 1431 2757 ,ο

349 2791 357 2830 :
379 2773 425 2832 'ln
447 2775 539 2832 antem
562 2772 592 2831 in
614 2772 744 2832 omnibns
767 2771 867 2832 diebus
888 2773 965 2832 uitae
984 2776 1059 2844 tnae,
1081 2773 1132 2844 fill,
1155 2774 1222 2834 time
1238 2773 1388 2835 dominnm.

206 3018 232 3076 μ
259 2994 428 3069 usquein
443 2994 543 3055 diebus
557 2993 714 3056 iuuentutis
728 2998 804 3054 tuae.
847 2995 887 3054 In
909 2995 1172 3056 lamentatione
1194 2996 1390 3056 hieremiae

261 3096 335 3156 cap.
424 3098 432 3137 ε
461 3081 534 3139 Pare
555 3097 619 3140 mea
641 3079 779 3152 dominns,
810 3079 881 3140 dixit
904 3081 999 3142 anima
1019 3099 1081 3142 mea
1103 3099 1215 3158 usqne
1238 3083 1391 3144 seeundum

259 3163 469 3224 multitudinem
491 3167 704 3226 miserationum
726 3183 851 3226 suarum.
895 3166 934 3226 In
957 3168 1036 3228 tobi
1059 3184 1132 3244 oap.
1221 3185 1228 3225 ε
1252 3167 1391 3228 Omnibus

260 3252 355 3310 antem
377 3249 477 3310 diebus
499 3252 575 3311 uitae
597 3254 662 3311 tuae
684 3253 714 3311 in
728 3255 821 3311 mente
842 3253 915 3312 habe
938 3253 1019 3313 deum
1040 3269 1151 3328 nsque
1173 3257 1324 3330 praecepta
1345 3255 1390 3314 dei
1403 3277 1432 3318 ns

363 3485 379 3537 5
397 3484 492 3538 ibren.
510 3484 535 3553 3,
554 3485 656 3539 24-32
759 3487 793 3542 14
811 3485 874 3542 Tob.
893 3490 918 3552 4,
936 3486 953 3540 5
971 3487 1010 3555 (6)

310 3705 541 3761 3adnleseentiae
559 3709 587 3760 et
604 3707 642 3761 Μ
741 3709 967 3766 ladulisoentiae
987 3711 1019 3782 S,
1049 3707 1167 3768 adolesc-
1185 3713 1225 3779 L,
1255 3713 1389 3769 adholesc-

261 3793 286 3848 0
386 3791 587 3848 biberemiaO
685 3795 814 3865 propheta
831 3812 881 3851 om.
900 3797 990 3854 Mne
1091 3799 1251 3870 iqnesien't
1268 3799 1323 3856 LO

257 3877 699 3946 8niroenm1ntnirenmnir0
787 3881 927 3936 9sedebit
944 3883 1084 3953 singularis
1103 3887 1131 3939 et
1147 3884 1249 3941 tacebit
1267 3887 1390 3955 qnoniam

256 3964 322 4019 tulit
345 3963 435 4020 MLO
537 3965 571 4018 10
597 3981 694 4036 prauae
721 3968 760 4023 Μ
861 3969 891 4023 11
916 3969 1084 4040 patiendiO
1185 3971 1219 4025 12
1242 3971 1389 4042 obprobriis

259 4055 320 4115 (om.
346 4051 385 4118 in)
412 4049 499 4106 MLO
609 4053 720 4122 repellet
746 4054 859 4119 MLOo,
888 4055 1044 4124 repellitS
1155 4057 1188 4112 13
1214 4058 1388 4130 miserebitur]

259 4152 420 4209 exarabitur
437 4153 469 4208 o
573 4155 607 4209 14
626 4157 875 4228 mommoreto
976 4159 1009 4213 re
1033 4147 1096 4216 rim
1119 4161 1209 4216 ΜΠ,
1311 4161 1389 4217 uene

258 4247 298 4300 Μ
398 4247 430 4301 16
457 4249 521 4318 eins]
549 4251 616 4305 odd.
645 4253 673 4306 et
699 4251 723 4306 8
824 4255 856 4308 11
880 4254 996 4324 dirigens
1015 4258 1103 4310 autem
1121 4254 1156 4310 ad
1173 4256 1304 4312 iustitiam
1326 4256 1391 4311 MV

258 4339 321 4403 Lo,
351 4340 465 4412 diligens
484 4345 572 4397 numm
589 4345 766 4415 institiean,
794 4347 830 4414 cs.
848 4351 947 4418 368‚2
1051 4349 1084 4406 18
1101 4349 1307 4420 iniqnitatib;S
