3159 4967
266 434 330 501 504
491 433 537 486 De
555 431 682 486 diuinis
700 433 882 502 scripturis
900 433 971 486 siue
989 431 1168 500 Speculum.

265 622 444 698 lemborum,
478 619 686 702 purificamini
719 640 778 687 uos
812 623 845 687 et
877 621 990 688 iratres
1023 622 1133 698 uestri,
1169 623 1201 686 et
1231 622 1391 705 reportate

267 743 374 790 arcam
403 723 519 790 domini
551 725 602 790 dei
631 725 749 790 israhel
776 727 831 792 nbi
859 727 969 808 paraui
997 726 1035 792 oi.
1070 725 1103 790 et
1131 724 1288 808 purificati
1319 727 1392 790 snnt

267 828 448 893 sacerdotes
482 812 515 892 et
545 828 674 906 lenitas,
706 829 744 892 ut
774 829 938 912 portarent
970 847 1076 894 arcam
1111 829 1228 894 domini
1261 829 1387 894 israhel

266 931 366 996 Item
387 931 531 1014 paulus
552 931 759 1013 apostolus
783 932 830 997 ad
852 933 985 998 titum:
1008 933 1111 998 Huius
1125 932 1172 996 rei
1187 931 1292 1014 gratia
1312 931 1390 996 reli-

267 1034 322 1116 qui
342 1036 375 1100 te
397 1035 514 1114 cretae,
544 1036 580 1101 nt
609 1055 692 1118 quae
725 1036 857 1104 deerant
889 1037 1029 1119 corriges
1064 1036 1096 1102 et
1128 1035 1302 1100 constituas
1335 1053 1391 1116 per
1419 1058 1434 1097 s

266 1137 414 1204 ciuitates
441 1140 671 1221 presbiterium,
710 1141 794 1204 sicut
824 1159 882 1223 ego
912 1140 969 1206 tibi
1001 1139 1148 1222 disposui.
1183 1139 1210 1203 si
1241 1138 1311 1221 quis
1341 1139 1391 1204 est

266 1240 334 1306 siue
363 1241 503 1321 crimine,
532 1243 625 1308 unius
654 1242 760 1308 uxoris
788 1243 847 1322 uir,
877 1243 959 1308 filios
982 1244 1101 1309 hahens
1122 1242 1245 1320 fideles,
1275 1243 1391 1308 nonin

267 1344 469 1410 accusatione
483 1345 633 1424 luxoriae,
651 1346 780 1412 autnon
797 1345 949 1413 subdus.
974 1347 1096 1430 oportet
1111 1347 1194 1412 enim
1211 1346 1392 1429 epIsoopnm

267 1447 335 1512 sine
355 1449 485 1514 crImine
501 1469 581 1528 osse,
602 1449 766 1532 tamqnam
783 1451 834 1515 dei
851 1451 1109 1534 dispensatorem,
1132 1469 1194 1516 non
1210 1451 1390 1532 superbum,

266 1569 327 1618 non
348 1552 544 1632 iracundum,
567 1572 628 1617 non
650 1553 854 1632 ulnolentmn,
877 1573 938 1620 non
953 1555 1053 1637 turpis
1068 1553 1148 1619 lucri
1166 1553 1391 1636 adpetitorem:
1405 1573 1432 1614 ro

267 1653 323 1719 sed
338 1655 537 1737 hospitalem,
559 1657 739 1739 benignum,
761 1657 960 1739 prudentem,
981 1657 1111 1736 iustum,
1135 1659 1289 1735 sanctum,
1312 1675 1391 1722 oon-

266 1757 429 1835 tinentem‚
453 1759 645 1824 obtinentem
668 1760 841 1826 seeundum
868 1761 1043 1826 doctrinam
1065 1760 1160 1826 fidele
1182 1761 1324 1838 uerbum,
1353 1761 1392 1824 ut

266 1860 378 1941 potens
400 1861 442 1926 sit
463 1863 619 1928 exhortari
641 1863 673 1927 in
696 1863 839 1930 doctina
862 1883 939 1930 sana
957 1866 989 1929 et
1006 1864 1260 1930 contradicentes
1281 1865 1391 1930 renin-

268 1981 348 2028 cere.
385 1965 459 2028 sunt
487 1966 570 2030 enim
598 1967 689 2031 multi
720 1967 816 2032 etiam
846 1987 905 2034 non
930 1967 1141 2039 oboedientes.
1173 1967 1334 2050 uaniloqni
1358 1969 1391 2032 et

268 2065 459 2132 seductores.
503 2070 602 2134 Item
626 2071 673 2135 ad
693 2071 926 2138 timotheum
948 2074 979 2136 1:
1012 2073 1177 2136 Humanns
1207 2089 1327 2136 sermo:
1363 2071 1432 2136 sire

268 2169 338 2249 quis
361 2170 574 2253 episcopatum
597 2173 692 2256 cupit,
715 2175 831 2238 bonum
855 2193 932 2258 opus
957 2173 1126 2241 desiderat.
1163 2174 1285 2257 oportet
1307 2174 1388 2240 enim

267 2271 446 2354 episcopum
461 2273 769 2359 inreprehensibilem
787 2297 866 2356 esse,
883 2279 975 2344 unius
990 2279 1094 2343 uxoris
1109 2277 1223 2356 uirum
1240 2277 1389 2354 sobrium,

266 2376 462 2457 prudentem,
486 2379 673 2458 ordinatum,
696 2381 895 2463 hospitalem,
913 2381 1090 2458 docibilem,
1108 2399 1168 2446 non
1184 2379 1388 2458 ninolentnm

216 2605 238 2644 oc
270 2588 355 2647 sadoc
377 2591 405 2648 et
427 2591 539 2649 abiatar
554 2591 712 2650 sacerdotes
734 2610 846 2666 nsque
869 2610 962 2652 arcam
978 2594 1081 2652 domini
1098 2593 1142 2652 dei
1157 2594 1270 2653 israhel.
1303 2593 1390 2652 Item

268 2675 401 2747 paulus
424 2676 465 2734 ad
486 2678 594 2735 titum
616 2694 690 2754 cap.
790 2697 797 2734 z
827 2679 920 2737 Huius
942 2680 1004 2753 regi
1027 2681 1122 2754 gratia
1142 2679 1244 2754 reliqui
1265 2681 1293 2737 te
1316 2681 1431 2740 cretoso

266 2775 380 2834 usqne
402 2761 546 2836 uaniloqni
569 2765 597 2820 et
619 2763 788 2823 seductores.
832 2765 921 2822 Item
944 2781 1018 2840 cap.
1118 2784 1125 2822 ε
1153 2765 1260 2824 Fidelis
1283 2782 1389 2824 sermo:

213 2966 240 3024 μ
267 2948 334 3004 sunt
366 2963 433 3020 ergo
467 2948 625 3008 sacerdotes
659 2952 687 3008 et
718 2950 830 3019 lonicae,
865 2953 897 3009 ut
924 2953 1068 3025 portarent
1096 2969 1188 3010 arcam
1219 2953 1323 3011 domini
1346 2953 1392 3012 dei

266 3031 380 3090 israhel.
424 3032 514 3092 Item
543 3034 675 3108 paulus
706 3035 749 3094 ad
777 3037 885 3095 titum
915 3054 988 3111 cap.
1016 3037 1045 3096 I:
1080 3035 1174 3096 Huius
1207 3037 1247 3096 rei
1280 3038 1391 3112 gratiae

266 3116 386 3190 relirrqui
416 3119 444 3176 te
473 3121 546 3176 crete
575 3137 690 3195 usquo
719 3138 774 3180 non
801 3122 979 3182 oboedientes
1001 3123 1146 3198 uaniloqni
1169 3125 1197 3180 et
1218 3123 1389 3182 seductores.

265 3202 316 3262 Ad
343 3202 554 3263 timotheum
575 3205 590 3262 Ι
611 3223 687 3280 cap.
709 3205 780 3265 IIII:
803 3205 910 3266 Fidelis
934 3224 1039 3266 sermo:
1063 3209 1088 3268 si
1111 3209 1175 3284 quis
1197 3209 1432 3284 episcopetumre

366 3403 384 3456 4
402 3403 451 3458 Tit.
471 3404 495 3473 1,
513 3404 598 3459 5-10
702 3407 734 3460 15
751 3407 765 3460 I
782 3407 847 3462 Tim.
865 3407 891 3473 3,
911 3408 995 3462 1—10

315 3593 332 3646 2
359 3593 466 3647 archam
491 3593 551 3648 Mc
561 3593 627 3661 (his)
731 3595 842 3649 Istrahel
870 3597 969 3664 S(bo's)
1075 3596 1091 3649 3
1118 3596 1227 3666 domiui]
1255 3597 1321 3650 add.
1347 3595 1391 3650 dci

264 3680 326 3736 ΜΟ
460 3680 1391 3737 raeealtom-flmu-Humms-Drseonss--in

263 3766 361 3820 christo
379 3767 436 3820 iesu
457 3766 525 3821 Item
545 3782 597 3820 oss.
621 3766 648 3820 V
745 3769 878 3835 apostolus
902 3783 953 3822 oss.
976 3767 1063 3824 Mne
1170 3771 1187 3822 5
1212 3783 1261 3838 qne
1285 3775 1311 3834 (e
1328 3769 1392 3823 cai

264 3869 335 3908 om.
353 3854 475 3924 m.1)S
566 3855 595 3906 et
612 3852 661 3907 So:
687 3856 718 3906 nt
735 3853 824 3908 MLC
838 3853 905 3920 (acl)
999 3853 1193 3922 tpreshiteros
1211 3853 1326 3922 (pnesh-
1345 3855 1391 3918 Ml

264 3939 340 4004 HL,
370 3937 519 3993 sacerdotes
547 3939 570 3994 0
689 3937 832 3992 trahens
858 3939 926 3993 filios
957 3941 980 3995 Ο
1089 3940 1106 3993 8
1131 3939 1247 3993 luxuriae
1274 3940 1324 3994 110

263 4027 281 4080 9
307 4025 509 4095 dispmsatorem
537 4025 576 4079 Μ
693 4025 726 4079 10
752 4026 823 4094 turpi
850 4025 915 4080 lucri
941 4026 1114 4094 appetitorem
1141 4026 1203 4079 ML
1323 4024 1391 4080 obti-

263 4115 370 4167 nontsm
392 4111 651 4183 Sdmffipesosp
680 4111 865 4166 oboedientem
889 4111 975 4166 MLG
996 4111 1086 4180 (obed-
1111 4112 1156 4176 0),
1187 4111 1391 4179 amplectentem

263 4217 280 4252 o
384 4197 417 4252 18
439 4199 551 4253 exortari
572 4199 635 4252 ML
738 4196 947 4267 uehementes
971 4196 1004 4260 S,
1035 4196 1154 4250 obed-C
1257 4196 1289 4250 15
1307 4197 1392 4265 prima

264 4283 323 4338 ΜΟ
424 4285 456 4339 16
473 4285 546 4353 cant
563 4285 596 4347 S,
627 4283 760 4338 desiderat
777 4283 882 4339 nendo
986 4283 1017 4337 ll
1035 4281 1314 4352 inrepraehensibilem
1331 4281 1392 4346 thr

266 4368 300 4438 0)
318 4369 399 4425 SMO
498 4369 655 4425 subriunS
755 4369 789 4423 18
807 4367 956 4422 ordiuntum
975 4369 1067 4424 SMG:
1097 4369 1217 4422 ornatum
1235 4367 1277 4422 Lo
