3159 4967
607 1132 1044 1250 PRAEFATIO

264 1368 309 1433 IN
333 1368 496 1435 LIBBVM
522 1372 575 1437 DE
598 1372 756 1439 DIVINIS
781 1374 1027 1442 SCRIPTVBIS
1052 1376 1147 1442 SIVE
1170 1376 1395 1444 specuium

512 1492 625 1573 QVOD
648 1494 816 1561 FERTVR
846 1495 876 1561 S.
901 1495 1143 1563 dvevsnlnu.

814 1824 842 1907 Ι.

308 1962 446 2059 Praeter
467 1991 559 2058 iilum
580 1993 705 2071 librum,
729 2013 821 2076 quem
844 1995 938 2061 modo
958 1996 1107 2073 taciani,
1131 1996 1266 2060 altorum
1281 2013 1358 2079 opus
1370 1995 1393 2076 ¹)

264 2101 309 2165 ad
337 2100 417 2165 hanc
449 2099 587 2165 aetatem
615 2101 758 2182 peruenit
783 2101 814 2165 iu
841 2101 1005 2167 codicibus
1034 2103 1222 2185 quibusdam
1250 2102 1396 2168 similiter

267 2201 452 2286 inscriptum
469 2203 501 2267 et
517 2202 548 2268 S.
565 2202 741 2286 Augustino
756 2203 963 2282 uindicatum,
987 2205 1081 2287 quod,
1105 2207 1253 2288 quoniam
1268 2205 1397 2290 Speculi

269 2304 455 2369 recensendi
482 2304 560 2371 mihi
589 2325 703 2371 munus
729 2306 871 2372 oblatum
894 2308 952 2387 est,
983 2308 1087 2373 facere
1115 2327 1176 2374 non
1203 2309 1292 2392 potui
1321 2309 1397 2391 quin

269 2426 342 2471 cum
363 2406 419 2472 illo
440 2407 521 2473 libro
543 2406 576 2473 in
598 2409 657 2473 hoc
681 2408 841 2475 uolumine
857 2410 1058 2475 coniunctum
1074 2410 1210 2477 ederem.
1240 2412 1305 2477 ium
1319 2430 1397 2477 uero

266 2510 435 2594 postquam
457 2511 594 2590 codices,
618 2512 731 2594 quibus
752 2513 784 2577 in
807 2513 948 2595 parando
969 2514 1062 2578 huius
1081 2514 1212 2579 alterius
1233 2514 1307 2579 libri
1329 2513 1397 2579 edi-

267 2612 352 2677 tione
375 2631 451 2678 usus
474 2613 609 2692 semin
632 2614 906 2690 commentatione,
934 2615 1024 2679 cuius
1046 2634 1141 2698 supro
1164 2622 1207 2700 (p.
1231 2617 1260 2697 I)
1283 2616 1397 2681 menti-

267 2733 360 2781 onem
387 2714 459 2795 feci,
487 2715 638 2798 pluuimos
669 2717 860 2795 enumeraui,
887 2716 935 2781 ita
956 2736 1037 2781 nnnc
1060 2717 1289 2800 praeddiorum
1311 2719 1398 2784 criti-

268 2836 378 2883 corum
408 2818 480 2883 huic
510 2817 591 2884 libro
620 2817 814 2882 recensendo
844 2817 1055 2884 adhibitorum
1077 2819 1231 2886 rationem
1253 2820 1398 2899 reddam,

268 2920 305 2984 ut
339 2938 419 3001 quae
454 2921 526 2985 ante
560 2919 717 3002 copiosius
751 2920 880 3002 exposui
911 2922 1022 3003 paucis
1044 2924 1196 3005 repetam,
1232 2923 1295 2989 alia
1317 2942 1398 3007 qnae

271 3023 383 3105 postea
404 3024 537 3105 contigit
558 3023 595 3087 ut
618 3022 807 3088 accederent
829 3043 923 3106 quam
945 3026 1132 3091 breuissime
1156 3044 1335 3111 suggeram.

215 3143 247 3211 S
312 3141 417 3225 Atque
448 3142 568 3207 codex
598 3141 863 3208 Sessorianus
884 3146 926 3211 58
952 3147 1212 3213 membranaceus
1235 3147 1398 3228 saecuio²)

272 3246 349 3311 VIII
365 3246 418 3310 nol
432 3246 528 3311 VIIII
545 3245 679 3329 scriptus
693 3248 753 3312 hoc
770 3266 848 3331 opus
863 3247 945 3334 foliis
959 3251 1085 3315 1-154
1100 3249 1247 3314 continet.
1277 3250 1399 3315 textum

269 3348 345 3413 inde
374 3348 611 3414 accuratissimo
641 3351 679 3415 ab
707 3350 852 3432 Augusto
876 3350 913 3418 0.
935 3353 987 3419 Fr.
1009 3352 1129 3417 Lorenn
1158 3353 1399 3434 mansueriptum

272 3451 449 3518 Academia
469 3450 683 3517 intercedente
705 3452 850 3518 Hartslio
873 3454 949 3517 mihi
979 3453 1020 3518 ad
1048 3453 1202 3519 utendum
1231 3455 1399 3520 concessit.

272 3574 333 3639 quo
357 3553 483 3637 quidem
511 3556 543 3619 in
572 3555 682 3620 codice
706 3554 872 3620 scribendo
895 3555 956 3620 duo
980 3556 1120 3621 eiusdem
1144 3558 1258 3623 aetatis
1279 3556 1401 3623 librarii

271 3659 318 3723 ita
340 3676 374 3723 ss
398 3659 595 3740 exceperunt,
624 3658 661 3721 ut
688 3656 771 3739 prior
796 3676 815 3721 a
836 3657 910 3723 folio
935 3659 968 3722 1'
988 3677 1089 3741 usquo
1112 3659 1154 3725 ad
1175 3659 1227 3725 foi
1251 3661 1305 3725 34¹
1327 3662 1359 3726 et
1382 3678 1402 3723 a

272 3761 324 3827 fol.
349 3762 422 3825 113r
444 3779 543 3843 usque
568 3762 609 3825 ad
630 3760 684 3830 foi
705 3762 780 3827 128v
801 3762 834 3825 in
857 3761 989 3844 singulis
1010 3763 1134 3845 paginis
1155 3763 1285 3829 uicenos
1308 3782 1401 3830 senaa

274 3865 434 3952 (P-ld')
464 3864 564 3929 lineas
595 3864 649 3928 aut
678 3864 808 3929 uicenos
837 3882 976 3929 nouenos
998 3864 1086 3947 nigro
1110 3865 1214 3931 colone
1237 3866 1401 3945 scriberet,

277 4006 480 4015 ——-—-—.

376 4072 397 4141 ¹)
413 4070 495 4135 Mai,
513 4069 589 4124 Nova
607 4068 716 4123 Patrem
733 4068 906 4125 Bibliotheca
925 4070 1024 4124 Romm
1044 4071 1118 4126 1852.
1137 4072 1219 4127 void
1236 4074 1304 4140 part
1316 4070 1350 4125 IL
1368 4102 1404 4111 —

274 4148 306 4210 ef.
324 4156 488 4211 Wiseman
505 4156 533 4209 in
552 4154 673 4211 catholic
691 4154 823 4223 Maganin.
844 4154 918 4211 1832.
937 4156 1012 4211 1833.

378 4262 398 4327 ²)
416 4257 682 4323 Reifferscheid,
705 4257 874 4313 BibIIotheca
896 4259 1006 4313 Petrum
1026 4260 1129 4315 Italica
1145 4260 1179 4315 m
1197 4278 1222 4331 p.
1242 4260 1300 4317 129.
1316 4292 1352 4301 -
1369 4260 1404 4315 ot

275 4345 405 4415 Hartel‚
424 4346 500 4416 Corp.
518 4362 566 4400 scr.
584 4345 645 4401 ecci
664 4346 712 4400 lau
730 4344 782 4401 vol.
800 4344 848 4403 ΠΙ.
866 4345 943 4415 Gypr.
962 4362 1049 4415 opera,
1066 4347 1186 4416 Append.
1203 4364 1229 4416 p.
1247 4345 1328 4400 XXV.
