3159 4967
249 465 293 531 56
636 463 662 520 S.
680 463 798 517 Aureli
814 462 999 532 Augustini

251 671 310 718 sua
338 651 463 716 corruet
490 651 615 734 impius.
660 650 783 715 iustitia
810 651 969 715 rectorum
997 649 1145 714 liberabit
1178 667 1248 727 eos,
1284 649 1317 712 et
1348 649 1382 713 in

250 755 375 821 insidiis
411 755 476 820 suis
506 754 670 836 capientur
705 755 814 837 iniqui.
859 755 982 819 mortum
1011 753 1135 817 homine
1164 752 1260 834 impio
1294 752 1384 816 nulla

253 859 313 924 erit
333 857 418 921 ultra
441 875 522 939 spes,
548 857 580 921 at
608 857 785 939 expectatio
816 857 1022 921 sollicitomm
1051 855 1174 938 peribit.
1219 855 1266 920 lit
1294 857 1384 937 post

253 963 313 1027 Vll
337 979 497 1026 uersus:
522 959 584 1042 Qui
607 960 742 1042 despicit
764 960 902 1024 amicum
918 977 1020 1036 sunm,
1043 958 1189 1040 indigens
1204 957 1299 1023 corde
1317 959 1382 1022 est:

251 1065 301 1129 uir
324 1065 430 1130 autem
452 1063 590 1146 pmdens
610 1064 740 1128 tacebit.
779 1064 834 1146 qui
854 1062 995 1128 ambulat
1009 1061 1235 1138 fraudulenter,
1258 1062 1384 1126 reuelat
1409 1091 1425 1130 ⁵

254 1186 384 1232 arcana:
409 1168 463 1249 qui
486 1169 592 1232 autem
620 1167 725 1232 fidelis
749 1168 798 1231 est
822 1167 927 1245 animi,
957 1166 1042 1230 celat
1070 1165 1283 1229 commissum.
1326 1165 1384 1229 ubi

252 1292 313 1337 uon
337 1273 387 1338 est
404 1265 610 1354 'gubematou
633 1270 768 1352 populus
789 1270 930 1334 corruet:
954 1269 1041 1334 salus
1064 1269 1180 1346 autem,
1205 1268 1384 1333 ubimulta

253 1375 392 1440 consilia.
438 1373 606 1456 adfligatur
626 1374 721 1452 malo,
745 1374 799 1456 qui
822 1373 918 1437 fidem
947 1373 1025 1437 lecit
1045 1391 1101 1456 pro
1125 1373 1293 1437 extraneo:
1329 1374 1383 1455 qui

254 1477 360 1542 autem
382 1477 477 1541 cauet
504 1477 646 1559 laqueos,
678 1495 809 1541 securus
838 1477 905 1540 erit.
952 1477 1000 1541 nt
1031 1475 1121 1558 post
1154 1475 1187 1538 ll
1219 1493 1382 1540 uersus:

254 1579 419 1645 Benefacit
441 1580 563 1645 animae
579 1597 655 1644 suae
677 1580 727 1643 uir
748 1579 944 1644 misericors:
968 1579 1022 1660 qui
1046 1577 1424 1656 antemcrudelisest,1o

254 1683 287 1747 et
307 1683 498 1766 propinquos
521 1682 626 1748 abicit
672 1683 719 1746 Et
751 1685 843 1764 post
870 1684 935 1746 llll
970 1699 1128 1746 uersus:
1163 1679 1383 1745 Abominabile

254 1785 379 1850 domino
401 1804 534 1868 prauum
556 1803 626 1862 cor,
651 1785 684 1850 ct
705 1784 852 1849 uoluntas
884 1785 951 1851 eius
980 1785 1012 1848 iu
1039 1785 1089 1848 bis
1118 1783 1170 1866 qui
1199 1783 1385 1865 simpliciter

254 1887 424 1951 ambulant.
469 1906 582 1952 manus
604 1888 636 1951 iu
657 1907 754 1952 manu
783 1907 843 1952 non
874 1887 933 1953 erit
954 1887 1103 1952 innocens
1126 1885 1246 1950 malus:
1276 1904 1383 1951 semen

255 1990 360 2054 autem
381 1989 537 2054 iustorum
552 1990 735 2055 sulcabitur.
773 1991 822 2056 nt
843 1991 931 2072 post
953 1993 984 2056 Il
1007 2007 1161 2056 uersus:
1184 1988 1384 2054 Desiderium

253 2094 407 2158 iustorum
430 2093 658 2158 omnebonum
682 2095 745 2157 est:
768 2094 973 2176 praestolatio
995 2095 1161 2176 impiorum
1191 2092 1284 2157 ferror.
1331 2091 1384 2156 alii
1399 2113 1424 2154 ιι

256 2196 401 2260 diuidunt
439 2196 565 2278 propria
598 2197 631 2261 et
662 2194 792 2261 ditiores
815 2197 909 2261 fiunt:
945 2197 998 2261 alii
1025 2195 1151 2280 rapiunt
1178 2215 1239 2263 non
1267 2213 1325 2260 sua
1354 2197 1387 2260 et

254 2317 378 2381 semper
395 2299 427 2362 in
444 2300 587 2382 egestate
601 2297 683 2364 sunt.
714 2300 827 2376 anima,
843 2319 924 2383 quae
940 2299 1109 2378 benedicit,
1133 2301 1385 2384 inpinguabitur:

256 2403 289 2466 et
311 2402 364 2484 qni
386 2402 530 2478 inebriat,
553 2402 621 2484 ipso
644 2419 769 2484 quoque
790 2402 1006 2469 inebriabitur.
1053 2404 1107 2485 qui
1130 2403 1295 2469 abscondit
1317 2403 1385 2467 fru-

255 2506 371 2582 menta,
394 2505 584 2570 maledictus
605 2506 638 2570 in
659 2505 799 2587 populis:
829 2504 1009 2572 benedictio
1040 2509 1146 2572 autem
1175 2527 1268 2591 super
1290 2509 1386 2590 caput

254 2607 467 2674 uendeutium.
512 2610 592 2674 bene
624 2612 794 2692 consurget
817 2607 955 2674 diluculo
979 2609 1032 2692 qui
1056 2609 1180 2692 quaerit
1206 2611 1302 2676 bona:
1333 2610 1386 2692 qni
1400 2625 1428 2665 w

258 2712 365 2777 autem
386 2710 595 2795 inuestigator
617 2713 773 2777 malorum
797 2713 855 2790 est,
880 2712 1073 2795 opprimetur
1097 2715 1135 2779 ab
1159 2713 1214 2778 eis.
1239 2713 1293 2796 qui
1307 2731 1386 2778 cou-

255 2813 326 2878 fidit
345 2815 378 2878 in
405 2815 524 2880 diuitiis
555 2816 631 2894 suis,
662 2817 713 2880 bic
744 2815 885 2880 cormet:
919 2817 994 2880 iusti
1025 2817 1132 2881 autem
1160 2817 1250 2899 quasi
1279 2815 1386 2880 umens

203 2926 207 2932 ’
254 2919 364 2982 folium
391 2919 621 3000 germinabunt.
666 2919 715 2983 llt
746 2919 839 3000 post
867 2919 932 2983 llll
965 2937 1126 2984 uersus:
1161 2917 1194 2984 Si
1221 2919 1325 2983 iustus
1354 2919 1386 2983 in

254 3024 341 3085 terra
362 3021 484 3102 recipit,
508 3021 625 3102 quanto
647 3021 750 3102 magis
771 3021 887 3103 impius
917 3023 950 3086 et
976 3023 1147 3104 peccator?
1192 3020 1252 3103 Qui
1282 3019 1387 3103 diligit

260 3122 468 3205 disciplinam,
492 3122 596 3206 diligit
618 3123 800 3188 scientiam:
832 3125 886 3206 qui
915 3125 1020 3189 autem
1051 3123 1118 3189 odit
1144 3124 1386 3206 increpationes,
1401 3136 1431 3177 ἐν

254 3226 407 3308 incipiens
430 3226 486 3290 est
532 3227 586 3309 qui
608 3226 709 3292 bouus
731 3229 790 3304 est,
815 3227 940 3293 hauriet
963 3247 982 3292 a
1005 3227 1130 3292 domino
1152 3227 1304 3326 gratiam:
1333 3225 1388 3307 qui

361 3428 656 3492 4Pr0u11‚12—-15
744 3431 777 3484 10
795 3430 831 3485 ib.
852 3430 885 3484 17
981 3429 1204 3485 nicaeam
1301 3430 1335 3483 14
1352 3428 1388 3484 ib.

257 3513 360 3568 28-28
429 3514 464 3567 23
481 3514 517 3570 lb.
535 3513 569 3570 81
588 3519 616 3570 et
632 3516 710 3570 Pron.
730 3517 772 3580 12,
792 3516 859 3571 14

325 3685 339 3737 1
358 3690 453 3754 nmprol
467 3684 552 3739 M¹P¹
629 3687 769 3754 rectorum]
787 3691 919 3739 mutorum
936 3686 964 3742 R
1042 3684 1172 3740 liberaum
1191 3683 1325 3740 ΜΨΟὑ1

256 3769 383 3840 totprl
401 3786 434 3823 er
453 3770 481 3823 P
562 3769 647 3824 ΗΠ
669 3771 704 3825 S:
729 3770 781 3824 1111
799 3771 891 3834 MPO,
918 3769 956 3824 111
978 3772 1014 3835 R,
1033 3771 1127 3840 quinq;
1145 3787 1165 3824 a
1251 3777 1295 3825 err
1313 3769 1393 3824 corde

257 3842 476 3911 5traudolerirar
502 3855 525 3909 S
630 3855 647 3909 6
670 3854 785 3910 archana
807 3855 892 3910 MGR
994 3854 1081 3910 fidelia
1105 3859 1155 3920 est,
1179 3856 1261 3909 aninri
1284 3855 1393 3910 celat..

258 3943 394 3997 dictaret
412 3959 431 3995 a
525 3941 617 4010 animi]
636 3957 713 3995 annor
735 3943 763 3998 R
862 3942 877 3994 l
896 3957 959 3997 corr.
977 3959 1036 4011 pop.
1056 3943 1083 3998 R
1180 3941 1197 3996 8
1216 3934 1317 4009 attingit
1336 3940 1393 4004 Μ’,

258 4027 399 4097 adtingitur
416 4027 453 4082 P¹
542 4026 572 4080 ll
592 4027 629 4097 et]
649 4033 706 4080 ecta
722 4028 751 4082 R
769 4028 816 4096 (ef.
835 4031 862 4095 o)
950 4035 1110 4098 propinquus
1124 4027 1169 4082 lli¹
1250 4026 1393 4096 ppinqnus,

258 4114 351 4184 abijcit
369 4115 434 4168 dict.
452 4130 472 4166 a
539 4113 602 4183 1111]
619 4116 674 4167 trea
693 4131 711 4167 u
781 4116 814 4169 16
825 4131 937 4184 rapruur
957 4119 984 4184 (u
1002 4117 1034 4168 ira
1050 4116 1119 4181 raa.)
1139 4113 1177 4166 Μ
1245 4113 1277 4166 18
1291 4111 1393 4166 acrba:

258 4203 287 4254 et
309 4201 357 4269 qut
376 4201 395 4254 'n
416 4199 434 4253 'n
457 4215 481 4267 q.
504 4198 681 4253 inebriabitur
703 4215 754 4254 om.
777 4200 891 4256 MPOR
997 4199 1030 4253 19
1051 4197 1231 4254 maledrcerur
1249 4199 1325 4256 Pae

257 4287 292 4339 20
309 4290 446 4354 coumrgru
464 4284 530 4340 Rae
632 4285 664 4339 21
684 4284 851 4355 obprimatur
869 4286 928 4340 ΜΟ
1028 4285 1064 4340 22
1080 4299 1182 4339 corrurr
1201 4283 1326 4342 MP¹0R

257 4369 368 4441 231111]
387 4369 437 4425 VII
456 4372 484 4435 S,
501 4374 556 4426 tres
574 4388 592 4425 o
661 4371 695 4424 26
712 4372 849 4441 iusipiens]
869 4388 919 4426 orn.
937 4371 965 4427 R
1033 4370 1145 4441 hauriet]
1165 4385 1221 4423 aun
1239 4369 1262 4424 ds
1280 4371 1326 4426 dP
