3159 4967
371 480 418 534 Dc
436 478 563 533 diuinis
581 478 757 547 scripturis
775 477 849 531 siue
870 476 1050 545 Speculum.
1212 474 1276 539 427

150 670 269 736 iudicii.
313 673 329 735 Ι
337 672 413 735 tem
435 669 540 734 illic:
563 669 652 733 Haec
677 668 725 732 est
749 668 831 732 enim
853 666 1001 733 uoluntas
1018 666 1118 748 patris
1134 665 1206 742 mei,
1223 664 1277 747 qui

150 774 320 853 memmii,
343 774 380 838 ut
402 775 502 838 omnis
525 773 578 855 qui
601 772 690 837 uidet
715 771 816 836 filium
840 772 872 836 et
893 770 996 835 credit
1015 769 1048 833 in
1072 787 1144 832 eum
1160 766 1278 832 habeat

151 876 249 941 uitam
288 876 458 955 aeternam,
498 876 529 939 ct
567 894 624 958 ego
661 874 859 939 resuscitabo
897 892 968 937 eum
1004 871 1176 939 nouissima
1214 848 1275 933 me.

152 976 247 1041 Item
285 975 325 1039 in
370 975 581 1058 euangelio
627 974 843 1039 secundum
887 975 1150 1039 matthaeum:
1196 974 1276 1040 Cum

127 1078 312 1165 acceperint
346 1078 452 1142 autem
485 1078 564 1142 haec
598 1076 675 1155 fieri,
707 1075 904 1159 respirabitis
935 1077 968 1140 et
997 1075 1145 1141 leuabiti's
1172 1076 1277 1159 capita

151 1182 268 1258 uestra,
300 1182 374 1263 quia
396 1180 610 1263 adpropriauit
638 1180 813 1262 redemptio
842 1180 958 1245 uestra
1004 1180 1103 1244 ltem
1136 1181 1277 1261 paulus

153 1284 357 1367 apostolus
381 1285 426 1348 ad
449 1284 669 1349 corinthios
691 1286 724 1347 l:
747 1282 837 1348 Nunc
862 1284 966 1348 autem
990 1282 1127 1347 christus
1143 1281 1278 1347 smrerit

153 1405 189 1451 ex
219 1388 362 1465 mortuis,
389 1387 547 1452 incohatio
579 1386 809 1451 dormientium.
848 1405 921 1450 nam
944 1386 1019 1469 quia
1041 1404 1098 1468 per
1118 1386 1277 1453 hominem

142 1508 246 1578 mors,
269 1489 301 1554 et
322 1509 378 1572 per
399 1490 558 1555 hominem
580 1489 768 1555 resurrectio
791 1491 994 1554 mortuorum.
1035 1490 1117 1554 sicut
1140 1489 1275 1553 enimin

114 1582 139 1659 ro
153 1593 245 1658 adam
276 1612 383 1658 omnes
411 1594 595 1671 moriuntur,
625 1593 672 1658 ita
693 1594 725 1657 in
749 1593 866 1657 christo
890 1611 997 1658 omnes
1019 1592 1274 1657 nidificabuntur.

151 1696 365 1779 unnsquisque
397 1698 502 1761 autem
531 1696 563 1761 in
594 1716 650 1762 suo
681 1697 806 1763 ordine:
836 1697 962 1761 initium
990 1696 1137 1773 christus,
1162 1694 1276 1760 deinde

153 1799 195 1863 hii
218 1800 271 1882 qni
294 1801 367 1865 sunt
389 1800 508 1879 christi,
534 1800 587 1883 qui
609 1800 640 1865 in
662 1800 834 1867 aduentum
850 1800 917 1865 eius
933 1798 1144 1877 crediderunt,
1164 1798 1277 1863 deinde

152 1900 232 1967 finis.
276 1904 377 1969 Item
406 1903 507 1969 illic:
536 1904 641 1970 Nolite
666 1904 789 1969 seduci:
821 1904 1029 1986 corrumpunt
1049 1921 1154 1968 mores
1176 1904 1275 1968 bonos

152 2127 221 2184 hora
242 2127 270 2183 et
292 2140 366 2181 nunc
388 2124 432 2182 est
454 2123 565 2195 qnando
588 2123 698 2182 mortni.
742 2124 828 2181 itam
854 2139 927 2197 cap.
1022 2140 1029 2178 :
1052 2121 1130 2181 Haec
1145 2124 1189 2181 est
1204 2123 1278 2181 enim

115 2226 139 2265 ιε
152 2212 284 2269 uoluntas
321 2208 412 2283 patris
448 2208 503 2266 mei
539 2224 649 2282 nsque
684 2224 737 2282 ego
769 2209 944 2266 resuscitabo
981 2223 1022 2267 eo.
1082 2208 1278 2266 Secundum

153 2298 328 2355 matheum
351 2311 422 2369 cap.
519 2314 525 2351 :
549 2295 641 2364 Quum
663 2294 806 2368 coeperint
828 2296 920 2351 antem
935 2294 1005 2351 haec
1018 2292 1088 2362 fieri,
1105 2293 1278 2352 considerate

153 2384 181 2441 et
210 2382 300 2440 leuato
331 2380 426 2454 capita
450 2383 555 2449 uestra,
583 2380 714 2453 quoniam
736 2378 973 2453 adpropinqnauit
999 2379 1150 2453 redemptio
1172 2381 1278 2437 uestra.

152 2468 289 2527 Paulus
327 2466 371 2546 ad
408 2464 612 2525 corinthios
644 2465 673 2523 I:
707 2466 790 2524 Nunc
826 2467 921 2523 antem
953 2464 1076 2523 christus
1110 2464 1233 2522 surrexit
1262 2480 1280 2521 a

152 2553 270 2612 mortuis
303 2568 416 2625 usqne
450 2551 550 2611 deinde
582 2550 658 2609 finis,
708 2548 798 2609 Item
831 2567 905 2623 cap.
999 2567 1006 2606 :
1038 2548 1132 2608 Nolite
1165 2548 1278 2608 seduci:

114 2769 279 2827 coiecerunt
300 2767 330 2825 in
352 2766 581 2825 resurrectionem
609 2765 695 2823 uitae.
739 2765 830 2823 Item
859 2780 931 2837 cap.
954 2762 1006 2822 Vl:
1039 2762 1118 2821 Haec
1139 2764 1184 2821 est
1205 2764 1279 2822 enim
1306 2792 1331 2850 μ

152 2854 284 2912 uoluntas
317 2852 408 2926 patris
440 2852 504 2919 mei,
543 2851 591 2925 qui
624 2850 703 2909 misit
731 2868 784 2921 me,
815 2864 925 2924 nsque
954 2849 1130 2907 resuscitabo
1158 2865 1220 2906 eum
1248 2850 1278 2908 in

153 2938 307 2997 nouissimo
337 2938 390 2995 die.
436 2936 635 2996 Secundum
664 2935 779 2995 lucam
809 2952 873 3010 cap
895 2935 1002 2993 XVNI:
1025 2934 1079 2992 His
1103 2936 1197 2993 autem
1217 2933 1278 2993 lieri

153 3023 354 3098 incipientibus
376 3039 488 3097 nsque
512 3021 718 3097 adpropinquat
733 3020 888 3095 redemptio
902 3022 1008 3079 nestra.
1052 3020 1094 3078 In
1116 3019 1279 3094 epistula

154 3110 195 3167 ad
226 3108 431 3167 corinthios
452 3108 468 3165 Ι
490 3124 561 3181 cap.
593 3108 684 3167 XVII:
713 3108 797 3167 Nunc
822 3110 915 3165 autem
938 3106 1062 3165 christus
1085 3105 1239 3165 resurrexit
1261 3122 1278 3162 a

114 3216 140 3255 as
152 3194 271 3254 mortuis
300 3210 412 3268 usque
434 3193 464 3251 in
487 3194 611 3251 aduentu
633 3194 703 3263 eius,
735 3192 835 3251 deinde
863 3192 938 3250 finis.
983 3192 1070 3250 Item
1097 3191 1134 3249 in
1155 3190 1277 3250 eadem

154 3280 319 3355 epistula
352 3296 426 3354 cap.
460 3279 555 3340 XVII:
588 3278 683 3337 Nolite
715 3278 827 3337 seduci:
862 3278 1043 3351 corrumpunt
1071 3292 1163 3335 mores
1187 3277 1277 3336 bonos

257 3492 345 3549 iren.
362 3494 387 3563 e,
405 3492 438 3547 ro
519 3492 614 3546 anuo.
633 3492 674 3561 21,
692 3492 726 3546 aa
808 3492 931 3549 rrcor.
950 3493 990 3561 15,
1008 3492 1111 3546 ao-ar
1193 3492 1225 3545 rs
1242 3492 1279 3549 ro.

154 3580 256 3634 sa-eo

207 3783 302 3854 lillic]
320 3784 462 3837 secundum
479 3783 619 3837 iohannem
637 3782 675 3835 Μ
678 3781 751 3837 Vno
846 3781 958 3850 patriS
1057 3780 1119 3835 Sin
1136 3781 1280 3835 nouissimo

155 3888 283 3943 MVLCo
378 3886 438 3941 diae
457 3886 514 3942 SM
609 3887 672 3939 din
692 3874 760 3953 eun}
778 3885 806 3949 S,
834 3901 883 3939 ooo.
904 3885 1020 3941 MVLc
1112 3884 1282 3951 deceperint

156 3975 183 4041 S,
213 3974 331 4043 ceperint
353 3974 402 4029 VC
503 3972 667 4041 respirabitis
686 3974 713 4024 et
730 3970 865 4040 lonchitis]
887 3970 1051 4025 considerate
1069 3974 1096 4025 et
1112 3970 1201 4023 lenate
1219 3968 1283 4023 MV

156 4061 206 4115 Lo
306 4062 322 4115 6
347 4061 390 4129 qni
415 4060 437 4113 S
537 4058 716 4129 adpropriauit
734 4058 763 4121 S,
794 4056 1015 4127 adpropinquabit
1032 4060 1114 4125 (appr.
1136 4056 1167 4119 Ο)
1186 4054 1279 4118 mo,

154 4146 375 4215 adpropinquabit
393 4146 420 4199 L
514 4146 682 4215 ‘Inpostolus
702 4160 750 4197 om.
771 4144 859 4198 ΜΗ]
951 4143 1036 4211 prima
1053 4143 1113 4197 MC
1204 4142 1279 4211 8ex]

156 4232 316 4287 aMVLCo
410 4231 571 4301 incoatioS,
601 4230 706 4283 initium
724 4229 847 4293 Misso,
876 4229 1043 4297 primitiaeo
1139 4244 1202 4281 nam
1220 4228 1281 4297 quia

157 4318 188 4371 S:
219 4316 464 4387 quoniamquidem
483 4316 611 4372 MVLOo
710 4317 743 4368 10
761 4315 800 4368 ita
818 4319 846 4369 et
864 4315 993 4370 mones
1091 4314 1124 4369 12
1140 4315 1168 4368 hi
1187 4316 1214 4369 L

157 4404 273 4458 aduentu
290 4406 325 4459 M
329 4405 421 4460 VLOe
524 4404 558 4457 13
580 4403 667 4459 aerbo
684 4402 752 4457 Item
763 4402 899 4455 -Nolite
910 4432 942 4441 —
955 4402 1024 4456 Ecce
1036 4430 1069 4441 -
1081 4401 1168 4456 Sic-
1181 4399 1282 4454 Scirum
