3159 4967
282 430 345 495 598
505 428 550 481 De
568 426 699 481 diuinis
718 426 907 493 seripturis
926 424 998 477 siue
1017 424 1199 493 Speculum.

284 617 402 695 fidelia,
433 636 534 698 neque
563 616 655 680 iustis
683 616 769 680 labie
797 614 972 679 mendacia.
1018 616 1118 680 Item
1141 616 1249 681 illie:
1280 616 1324 678 Vt
1345 616 1428 697 quid

287 721 448 785 abundant
478 719 608 784 diuitiae
639 719 758 783 stultu?
792 718 954 801 possidere
986 720 1068 785 enim
1097 719 1289 801 sapientiam
1312 720 1426 787 insen-

285 824 374 888 satus
397 844 457 888 nen
479 823 604 906 poterit
642 823 741 887 Item
764 821 873 887 illie:
898 825 949 887 Ina
972 824 1021 888 est
1042 824 1124 905 patri
1152 824 1237 889 filins
1259 824 1425 907 insipiens,

286 928 318 991 et
341 927 429 992 dolor
451 928 562 991 matris
587 926 663 991 eius.
701 928 802 991 Item
825 926 928 991 illie:
951 927 1020 991 Non
1040 927 1201 993 desiderat
1220 930 1425 1012 sapientiam,

283 1031 336 1094 eui
371 1030 461 1095 deest
494 1049 622 1094 sensus:
655 1030 758 1112 magis
788 1031 873 1095 enlm
904 1030 1030 1095 ducitur
1059 1031 1269 1113 inprudentia.
1316 1034 1464 1097 Item⁵

282 1134 389 1198 illie:
424 1133 469 1199 Os
497 1133 632 1198 hominis
662 1133 753 1198 stulti
783 1133 928 1199 contritio
961 1134 1009 1199 ast
1038 1136 1077 1211 ei,
1110 1134 1196 1200 labia
1220 1136 1326 1199 antem
1353 1136 1425 1200 eius

282 1236 417 1320 laqueus
440 1237 564 1301 animae
586 1236 693 1318 ipsius.
732 1237 833 1301 Item
856 1236 963 1301 illie:
988 1236 1131 1301 Stultitia
1146 1238 1206 1303 uiri
1231 1240 1425 1303 exterminat

282 1340 353 1405 uias
377 1340 454 1418 eius,
479 1339 641 1403 dominum
664 1339 769 1403 autam
787 1340 936 1403 causatur
952 1340 1047 1405 eorde
1072 1360 1139 1406 sno.
1185 1340 1283 1406 Item
1305 1341 1424 1405 illie:

281 1442 427 1507 Stultitia
452 1443 535 1507 inest
557 1441 645 1507 enrdi
667 1444 801 1519 indeuia,
832 1444 923 1525 uirga
946 1444 1052 1508 autem
1077 1446 1109 1508 et
1132 1444 1300 1526 disciplina
1321 1443 1423 1527 longe

281 1548 331 1611 est
362 1549 400 1612 ab
432 1566 477 1611 eo.
523 1547 623 1611 Item
652 1546 760 1611 illic:
800 1548 915 1613 Grauis
947 1548 995 1613 est
1017 1547 1098 1630 lapis
1123 1549 1155 1611 et
1177 1549 1229 1611 uix
1252 1547 1423 1629 portabilis
1439 1566 1461 1603 ιο
1557 1560 1558 1563 ’

280 1650 408 1728 harena,
446 1650 494 1714 ira
527 1651 633 1715 autem
671 1650 761 1714 stulti
798 1650 925 1732 grauior
964 1652 1126 1716 ambobus.
1173 1652 1272 1715 Item
1309 1650 1422 1715 illie:

284 1753 459 1835 Tamquam
491 1771 565 1834 agar
591 1753 640 1816 uir
663 1752 823 1835 iusipiens
857 1754 888 1817 et
911 1754 994 1817 sieut
1016 1754 1110 1819 uinea
1134 1755 1225 1817 hamo
1249 1754 1301 1818 cui
1327 1753 1424 1819 deest

227 2002 251 2043 α
283 1998 359 2054 eap.
383 1981 493 2039 XVIII:
518 1981 574 2052 Qui
596 1981 712 2054 prodest
733 1982 850 2041 diuitias
874 1984 976 2040 habere
999 1982 1105 2041 stulte?
1142 1982 1232 2040 [tem
1247 1998 1263 2029 e
1278 1983 1350 2041 ibi:
1375 1984 1423 2041 Ire

280 2067 370 2139 patris
399 2066 485 2126 lilius
514 2065 628 2124 stultus.
671 2067 760 2125 Item
783 2084 856 2141 sap.
946 2086 952 2125 :
981 2069 1045 2127 Nun
1074 2068 1175 2141 resipit
1205 2068 1310 2127 stultus
1333 2070 1423 2128 uerbo

283 2152 466 2225 pmdentiae·
504 2152 702 2212 Itemeibit
726 2151 766 2212 Os
789 2153 870 2211 stulti
893 2153 1021 2212 contritio
1043 2154 1114 2213 eius.
1148 2154 1239 2213 Item
1261 2172 1336 2229 eap.
1354 2157 1422 2215 XX:
1438 2164 1458 2203 1⁵

282 2236 387 2295 Stultia
415 2238 539 2296 heminIs
562 2238 716 2312 subplanta
738 2256 855 2312 gressus
879 2240 949 2297 eius,
992 2240 1083 2298 Item
1117 2240 1185 2298 ibi:
1220 2242 1284 2299 Nun
1319 2240 1423 2299 decant

283 2323 369 2381 stulte
400 2323 502 2381 dilieie.
546 2323 639 2382 Item
669 2341 743 2398 cap.
767 2325 865 2382 XXII:
899 2324 1003 2383 Stultia
1033 2325 1178 2398 cunIIgata
1208 2327 1252 2385 est
1282 2327 1313 2383 in
1335 2327 1421 2385 eorde

281 2408 370 2483 pueri.
409 2410 498 2467 Item
521 2425 593 2483 nep.
611 2410 702 2471 XXV:
726 2412 781 2468 Per
797 2426 897 2483 agrum
918 2410 1040 2469 hominis
1058 2411 1134 2485 pigri
1157 2412 1288 2470 transiui.
1326 2412 1421 2471 Item

227 2656 253 2714 μ
282 2635 431 2707 aenposIta
466 2650 518 2692 nee
551 2633 707 2708 principem
743 2633 852 2692 labium
888 2632 1036 2691 mentiens.
1080 2633 1168 2691 Item
1202 2650 1276 2707 aap.
1306 2633 1419 2693 XVIII:

282 2718 358 2790 Quid
386 2720 502 2793 prodest
531 2720 634 2777 habere
665 2718 782 2777 diuitias
814 2718 909 2785 stultu,
941 2734 1026 2790 quum
1053 2718 1223 2792 sapIentiam
1246 2735 1336 2777 emere
1359 2736 1419 2778 non
1432 2740 1455 2777 :u

281 2805 383 2878 possit.
429 2806 521 2862 Item
544 2821 616 2878 eap.
640 2804 748 2864 XVIII:
778 2804 827 2860 Ira
856 2803 946 2877 patris
975 2803 1051 2861 iilius
1075 2804 1180 2863 stultus
1202 2820 1316 2877 nsque
1339 2820 1418 2879 quae

281 2889 382 2963 genuit
411 2904 483 2948 enm.
528 2890 618 2947 Item
641 2907 714 2963 cap.
740 2889 847 2949 XVIII:
877 2889 941 2947 Non
970 2889 1072 2963 recipit
1102 2890 1207 2948 stultus
1237 2890 1326 2948 uerba
1347 2908 1416 2963 pru-

284 2975 395 3034 dentiae
417 2993 532 3049 nsqua
558 2975 589 3033 In
611 2974 693 3032 sarde
715 2975 787 3033 aius.
832 2974 920 3031 Item
943 2990 1016 3047 cap.
1040 2974 1148 3033 XVIII:
1180 2975 1220 3033 Os
1245 2975 1325 3033 stulti
1348 2992 1416 3035 can-

280 3061 359 3119 tritia
389 3060 450 3119 eins
480 3063 508 3118 et
536 3059 614 3118 labia
642 3060 734 3133 ipsius
764 3057 862 3117 ruinae
889 3058 998 3118 animae
1022 3060 1092 3119 eius.
1135 3060 1229 3119 Item
1251 3078 1323 3135 eap.
1347 3062 1417 3120 XX:

281 3145 411 3204 Stultitia
440 3146 561 3205 hominis
591 3146 757 3219 subplantat
786 3162 904 3218 gressus
938 3146 1000 3204 eins
1029 3148 1058 3203 et
1087 3147 1184 3204 eontra
1214 3146 1295 3204 deum
1324 3146 1454 3207 semetra

282 3231 376 3290 animo
407 3248 467 3291 sue.
511 3232 599 3289 Item
623 3248 695 3305 cap.
719 3232 783 3289 XX:
813 3232 877 3290 Nan
900 3230 999 3289 deuant
1020 3230 1138 3289 stultum
1161 3231 1277 3291 delitiae
1299 3248 1417 3305 usque

282 3316 468 3392 prineIpibus.
513 3317 602 3375 Item
633 3333 706 3391 aap.
731 3316 827 3384 XXII:
862 3315 989 3374 Stultitia
1018 3316 1162 3389 conligata
1191 3319 1235 3376 est
1268 3317 1298 3375 in
1332 3318 1416 3376 eorde

281 3404 363 3478 pueri
385 3421 497 3477 nsque
519 3402 659 3477 eiiugabit
680 3420 750 3461 eam.
796 3402 884 3460 Item
907 3418 978 3476 cap.
1003 3404 1093 3463 XXV:
1121 3403 1176 3461 Par
1199 3420 1300 3477 egmm
1322 3405 1416 3462 homi-

387 3630 400 3682 1
421 3629 496 3682 Prou.
517 3630 558 3695 17,
577 3630 609 3682 16
712 3628 783 3683 311).
801 3627 835 3681 25
933 3628 949 3679 4
968 3628 1045 3681 Pron.
1066 3628 1106 3695 18,
1125 3628 1141 3681 2
1241 3628 1310 3682 611).
1329 3628 1344 3679 7

284 3718 300 3771 7
317 3717 394 3771 Pron.
414 3717 455 3780 19,
474 3718 491 3769 3
586 3717 603 3769 9
620 3715 697 3769 Pron
715 3715 758 3783 22,
777 3716 809 3769 15
906 3716 938 3768 10
955 3715 1032 3770 Prou
1051 3714 1092 3783 27,
1110 3715 1127 3769 3
1224 3716 1257 3769 12
1274 3716 1352 3769 Pron.
1372 3716 1414 3775 24.

282 3804 318 3857 30
336 3806 363 3858 et
381 3803 412 3856 31
519 3804 550 3856 16
571 3802 621 3868 126)
641 3801 717 3857 Pron
736 3801 778 3865 19,
799 3801 831 3854 10

338 4019 351 4071 l
375 4018 444 4072 Item
457 4048 487 4058 -
501 4016 582 4071 Vt-
596 4048 629 4056 -
637 4034 667 4086 p.
687 4020 747 4084 599,
766 4018 801 4070 15
819 4032 848 4069 os
867 4016 969 4071 illerum
986 4015 1054 4069 item
1072 4032 1121 4070 om.
1146 4016 1171 4068 V
1272 4014 1317 4069 ubi
1335 4032 1415 4085 supra

284 4104 449 4170 meddin.
469 4108 493 4157 4.
514 4104 600 4170 210)
704 4102 721 4154 2
742 4101 901 4155 habundant
924 4102 1000 4159 SLC
1100 4102 1116 4153 3
1138 4102 1166 4153 iu
1184 4100 1328 4169 prouerbiis
1351 4088 1414 4155 ML

289 4191 312 4246 0
337 4190 398 4257 (lia.
425 4194 449 4243 6.
477 4194 501 4244 9.
530 4191 574 4255 11)
699 4188 717 4240 4
742 4188 822 4241 matri
849 4187 935 4242 MLO
1057 4188 1072 4239 5
1099 4187 1127 4239 in
1153 4185 1351 4255 inprudentiam
1379 4188 1413 4251 L,

284 4275 428 4345 ἀφροσύνῃ
547 4274 724 4329 seinana:
752 4274 846 4328 συιδ
965 4274 1089 4329 dantem
1108 4274 1141 4329 S:
1172 4274 1240 4328 enim
1259 4274 1347 4329 ΜΗ]

284 4363 312 4415 iu
330 4361 408 4415 corde
426 4363 485 4416 MC
589 4362 619 4415 ll
640 4362 755 4415 haraena
773 4361 807 4425 S,
838 4376 918 4414 arena
936 4360 988 4415 120
