3159 4967
259 488 325 536 XVI

262 660 361 725 menti
394 664 511 727 ueteris
543 664 737 731 terminata-r
770 668 956 746 3331331133,
990 690 1030 734 ea
1059 674 1292 760 consuetudine,
1327 702 1394 762 qua

261 766 329 829 iam
353 766 495 847 loquitur
516 767 655 845 ecclesio,
680 772 770 833 uetus
788 774 1009 837 testamentum
1024 775 1206 856 appellaui:
1230 782 1393 861 apostolus

261 872 367 933 eutem
399 886 464 935 uon
497 870 626 935 uidetur
657 874 823 955 appellare
850 878 943 939 uetus
970 881 1191 944 testamcutum
1218 882 1287 948 uisi
1308 888 1393 969 proed

262 976 372 1035 datum
394 977 441 1038 est
461 975 498 1039 iu
519 978 624 1039 moute
646 974 731 1041 Sina
755 976 841 1061 (Gal.
865 977 895 1054 4,
917 978 984 1062 24).
1015 979 1101 1047 Retr.
1124 982 1146 1047 l.
1168 980 1191 1047 1.

306 1112 411 1193 Quare
444 1132 636 1197 qrramquam
670 1133 730 1179 nou
763 1116 927 1193 habemus,
961 1118 1045 1201 quod
1080 1119 1118 1184 de
1153 1120 1184 1188 S.
1214 1124 1390 1209 Augustino

261 1216 388 1300 Speculi
413 1218 541 1282 auctore
565 1217 755 1297 dubitemus,
786 1220 818 1283 in
841 1220 1091 1288 testimoniorum
1114 1226 1220 1292 tamen
1243 1228 1306 1295 fide
1329 1252 1390 1298 non

261 1322 501 1405 acquiescimus.
541 1340 636 1406 qnam
667 1324 884 1407 quaestionem
915 1343 987 1390 cum
1009 1318 1073 1391 iam
1097 1330 1149 1410 qui
1172 1330 1295 1412 pridem
1317 1337 1389 1400 huic

259 1430 305 1495 rei
330 1447 456 1511 oporam
479 1428 636 1492 nauarent
658 1445 717 1492 non
741 1428 808 1492 sine
824 1446 921 1493 causa
935 1431 1123 1512 posuissent,
1148 1453 1207 1498 non
1225 1434 1392 1502 defuerunt

260 1534 314 1617 qui
337 1550 460 1598 omnem
485 1528 711 1597 dubitationem
735 1530 900 1595 reicerent.
939 1532 1162 1600 celeberrimus
1190 1538 1319 1620 quidem
1340 1543 1390 1606 uir

258 1638 425 1702 Latinus
457 1632 643 1701 Latinius
677 1632 884 1699 viterbiensis
899 1634 922 1717 ¹)
957 1637 1121 1703 contextus
1154 1640 1389 1727 Hieronymiani

258 1740 467 1825 patrocinium
496 1738 645 1820 suscepit,
677 1737 852 1821 falsamque
881 1738 955 1803 inde
987 1741 1220 1809 conclusionem
1252 1746 1341 1812 duxit
1371 1767 1390 1813 a

259 1845 367 1911 multis
390 1844 566 1929 repet'tam,
591 1843 626 1905 ut
642 1839 771 1917 diceret,
797 1860 834 1906 ex
850 1842 909 1906 hoc
932 1842 1012 1908 libro
1029 1846 1178 1927 cognosci
1199 1867 1301 1930 posse,
1324 1850 1388 1917 iam

257 1952 327 2014 tum
349 1948 526 2032 Augustino
556 1946 684 2011 uiuente
706 1945 890 2029 Hieronymi
912 1947 1091 2013 uersiouem
1114 1968 1173 2015 non
1197 1952 1290 2016 modo
1313 1954 1388 2019 uul-

258 2054 376 2137 33133,
408 2050 464 2116 sed
492 2050 524 2115 in
554 2050 699 2115 manibus
726 2067 827 2132 paene
851 2049 988 2114 omnium
1011 2051 1128 2135 ubique
1152 2052 1258 2120 fuisse.
1298 2057 1389 2122 cuins

258 2158 395 2241 uestigia
410 2154 511 2220 secuti
534 2152 790 2218 Benedictini
814 2171 887 2216 cum
904 2155 1090 2236 argumenta
1105 2156 1261 2237 quaedam
1279 2159 1389 2225 afferre

258 2258 392 2337 uellent,
428 2259 540 2342 quibus
574 2258 654 2322 hanc
690 2256 866 2339 opinionem
898 2257 1075 2339 probarent,
1111 2258 1142 2324 S.
1177 2260 1388 2344 Augustinum

257 2363 515 2447 interpretatione
536 2360 781 2445 Hieronymiana
810 2359 882 2424 ideo
905 2379 997 2425 usum
1021 2380 1091 2426 esse
1114 2361 1272 2444 dicebant,
1304 2366 1388 2448 quod

257 2469 337 2532 hene
361 2466 487 2531 demum
511 2462 716 2547 comperisset
738 2464 795 2528 1113
817 2464 991 2529 uetustiore
1016 2484 1085 2530 esse
1108 2465 1291 2547 planiorem,
1314 2487 1387 2534 eum

258 2574 316 2637 hoc
345 2571 469 2636 nomine
499 2588 569 2634 eam
598 2569 629 2633 in
658 2568 825 2651 postremis
852 2568 942 2633 libris
965 2568 1185 2649 quaestionum
1206 2569 1238 2633 in
1260 2570 1386 2653 Hepta-

257 2676 407 2740 teuchum
431 2694 467 2740 ae
490 2674 676 2757 praesertim
699 2674 728 2735 in
754 2674 866 2755 quarto
891 2672 930 2736 de
955 2672 1098 2736 doctrina
1113 2674 1286 2738 christiana
1306 2675 1389 2740 libro

256 2779 472 2845 testimonium
502 2796 539 2841 ex
568 2777 720 2860 propheta
743 2777 841 2841 Amos
863 2774 1042 2857 prolaturus
1065 2776 1236 2842 laudasset.
1276 2798 1386 2842 uerum

258 2882 417 2946 enimuero
447 2882 483 2945 31
511 2882 636 2945 taceam
660 2879 698 2945 de
723 2899 769 2957 eo,
801 2878 885 2961 quod
908 2880 1199 2964 Pnereponusu
1230 2883 1309 2946 haec
1336 2884 1386 2947 in·

256 2986 392 3068 iiingerc
415 2983 546 3061 sciebat,
571 2983 630 3048 etsi
652 2984 682 3047 in
708 2982 902 3066 explicandis
925 2983 1057 3066 singulis
1079 2984 1159 3048 loeis
1174 2984 1386 3067 Augustinum

258 3106 474 3171 quaecumque
496 3085 714 3168 interpretatio
732 3084 914 3151 adsensum
934 3086 1106 3152 eruendum
1124 3086 1156 3150 31
1172 3088 1386 3169 exponendum

258 3192 286 3255 ei
319 3189 487 3254 uidebatur
522 3190 605 3271 apta,
644 3208 713 3253 eam
745 3189 945 3272 potissimum
981 3190 1013 3253 in
1048 3189 1224 3272 explicandi
1258 3209 1387 3256 munere

258 3292 439 3358 adhibuisse
471 3291 502 3356 et
530 3291 679 3357 laudasse
710 3291 947 3357 concedendum
972 3293 1030 3370 est,
1061 3294 1166 3357 tamen
1190 3292 1221 3356 in
1245 3294 1385 3358 conscri-

256 3394 359 3461 bendo
389 3414 424 3460 eo
453 3395 613 3478 opusculo,
649 3395 732 3478 quod
762 3395 802 3460 ad
836 3395 924 3479 uulgi
958 3414 1049 3459 usum
1084 3396 1289 3478 comparauit,
1324 3394 1387 3460 3113

256 3499 513 3583 interpretatione
543 3518 635 3565 usum
667 3518 736 3564 esse
763 3518 843 3583 nego
867 3518 961 3582 quam
985 3500 1103 3564 usitata
1123 3498 1180 3563 illa
1203 3498 1385 3574 uetustiore,

258 3622 352 3685 quam
385 3603 416 3666 in
451 3602 646 3668 sermonibus
680 3603 711 3669 et
740 3601 884 3685 epistulis
913 3602 980 3683 ipse
1009 3602 1199 3680 laudauerit,
1230 3602 1261 3666 in
1291 3600 1386 3665 leoti-

257 3707 367 3772 onibus
399 3705 624 3770 ecclesiasticis
654 3706 685 3769 31
711 3704 845 3769 33311313
878 3704 1012 3787 publicis
1041 3704 1175 3787 populus
1199 3704 1299 3769 solam
1326 3703 1386 3767 ad·

255 3808 386 3874 miserit.

301 3946 389 4029 Quae
412 3966 484 4013 cum
506 3947 553 4011 ita
576 3948 647 4025 sint,
673 3948 929 4013 aMaurinomm
952 3946 1095 4027 opinione
1118 3944 1266 4010 recedere
1290 3945 1323 4009 et
1346 3942 1387 4008 de

255 4051 505 4117 testimoniorum
528 4051 592 4116 fide
617 4051 761 4117 dubitare
783 4069 877 4134 posse
898 4050 967 4113 iure
989 4049 1080 4115 nobis
1102 4047 1256 4113 uidemur.

255 4230 458 4237 -..-.-.--.--

360 4328 379 4398 ¹)
397 4328 497 4382 Latinii
514 4325 683 4381 Bibliotheca
701 4340 776 4379 sacra
793 4327 821 4379 et
838 4323 956 4394 profana
974 4323 1074 4377 Romae
1093 4322 1167 4375 1677.
1185 4338 1210 4391 p.
1229 4322 1253 4376 9.

359 4428 752 4500 111133331133133331131333.
771 4428 940 4497 Antuerpiae.
961 4428 1035 4482 1703.
