3159 4967
660 455 839 525 Speculum.
944 440 949 453 ’
1247 455 1308 520 231

185 647 233 714 iit
262 645 340 711 alio
367 644 472 710 loeo:
502 646 570 712 Hoc
599 645 707 728 itaquo
738 645 809 710 dico
832 644 865 709 et
884 642 1039 710 tastificor
1060 644 1093 708 in
1117 643 1251 720 domino,
1274 642 1311 707 ut

184 749 248 814 iam
278 768 338 815 non
369 748 536 814 ambuletis
561 749 643 814 sicat
665 749 775 832 gentes
799 747 1014 814 ambulantia
1036 746 1178 812 uanitate
1199 764 1311 811 sensns

186 853 246 931 sni,
267 852 406 930 tenebris
429 853 631 918 obscuratum
653 853 805 918 habentes
825 851 1032 929 intellectum,
1056 849 1185 916 alienati
1208 849 1312 914 auita

185 957 237 1022 dei
269 974 325 1039 per
353 956 572 1040 ignorantiam,
607 973 687 1039 quae
721 957 770 1021 est
802 954 834 1020 in
865 955 930 1020 iliis
963 956 1091 1038 propter
1121 951 1311 1018 caecitatem

158 1059 290 1125 scordis
325 1051 501 1142 ipsommt'
524 1059 579 1141 qui
618 1057 822 1141 desperantes
858 1059 960 1125 semet
993 1059 1078 1140 ipsos
1114 1053 1312 1122 tradiderint

184 1161 389 1245 inpudicitiae
418 1163 450 1227 in
481 1161 693 1246 operationem
722 1161 930 1228 inmunditiae
959 1162 1059 1227 omnis
1090 1162 1122 1225 et
1148 1159 1310 1224 auaritiae.

184 1283 242 1332 uos
266 1268 371 1332 antem
393 1285 454 1331 non
475 1266 523 1330 ita
545 1265 701 1331 didicistis
717 1265 893 1332 Christum:
910 1264 938 1330 si
950 1265 1059 1329 tamen
1072 1263 1163 1328 iiiam
1179 1261 1313 1326 audistis

185 1369 218 1432 et
238 1369 270 1433 in
292 1369 361 1451 ipso
385 1366 469 1435 docti
493 1369 578 1447 estis,
606 1368 690 1435 deut
712 1369 761 1434 est
781 1368 902 1433 ueritas
923 1368 956 1432 in
978 1369 1060 1443 Iesu,
1085 1366 1240 1448 deponere
1253 1383 1313 1430 nos
1343 1430 1346 1434 s

185 1469 359 1538 secundum
388 1471 552 1554 pristinam
583 1472 855 1537 conpensationem
887 1470 1028 1535 ueterem
1059 1469 1227 1547 hominem,
1259 1467 1313 1551 qui

145 1593 174 1634 io
185 1574 395 1656 corrumpitur
424 1575 597 1642 secundum
625 1573 784 1640 desideria
817 1573 940 1642 erroris.
978 1573 1174 1639 renouamini
1207 1573 1313 1637 autem

171 1676 298 1766 'spiritu
320 1677 434 1742 mentis
456 1678 593 1756 uesuae,
618 1681 650 1744 et
671 1677 794 1743 induite
811 1694 927 1742 nouum
941 1677 1109 1755 hominem,
1129 1675 1182 1759 qni
1198 1693 1313 1740 sacun-

186 1779 263 1844 dum
300 1779 393 1846 deum
431 1781 557 1846 creatus
589 1783 638 1847 est
670 1782 702 1846 in
734 1781 858 1847 iustitia
890 1781 923 1846 et
954 1779 1123 1846 sanctitate
1158 1777 1313 1843 dentatis.

184 1883 312 1965 propter
349 1882 432 1966 quod
469 1883 675 1966 deponentes·
696 1883 906 1962 mendacium,
945 1883 1109 1967 loquimini
1144 1882 1314 1947 ueritatem

184 1985 400 2068 unusquisque
416 2004 487 2051 oum
499 1986 638 2069 proximo
652 2005 718 2066 suo,
735 1987 883 2070 quoniam
894 2005 1003 2052 samus
1014 1986 1151 2052 inuicem
1161 1983 1312 2050 membra

146 2117 174 2158 n
185 2087 358 2154 irascimini
383 2090 415 2154 et
436 2088 533 2154 nolite
551 2109 694 2172 peceare.
729 2090 777 2155 soi
792 2108 853 2154 non
870 2089 997 2154 occidat
1011 2107 1105 2172 saper
1117 2086 1313 2152 iracundiam

185 2193 336 2256 naamam.
373 2191 470 2256 nolite
491 2191 598 2258 locum
622 2191 697 2256 dare
729 2191 862 2258 diabolo.
901 2192 955 2275 qui
977 2191 1150 2269 furabatur,
1173 2191 1237 2255 iam
1253 2209 1314 2254 non

184 2295 320 2360 furetur:
343 2295 445 2378 magis
469 2297 575 2361 autem
596 2295 720 2361 laboret
743 2295 901 2378 operando
922 2296 1068 2362 manibus
1091 2293 1175 2377 quod
1196 2296 1313 2360 bonnm

187 2399 246 2476 est,
268 2399 305 2462 ut
318 2398 435 2463 habeat
448 2397 532 2463 unde
547 2398 667 2465 tribuat
681 2398 906 2465 necessitatem
920 2398 1062 2481 patienti.
1095 2398 1195 2463 omnis
1211 2415 1313 2462 sermo

185 2499 290 2565 malua
323 2519 360 2566 ex
394 2519 446 2566 ore
480 2502 586 2567 uestro
614 2519 674 2567 non
704 2500 866 2585 procedat,
901 2501 959 2566 aed
988 2502 1015 2566 si
1045 2503 1114 2584 quis
1142 2499 1252 2566 bonus‘
1273 2499 1314 2564 ad

146 2630 175 2672 ao
188 2603 439 2669 aedificationem
468 2605 699 2687 oportunitatis,
727 2605 764 2668 ut
794 2603 849 2670 det
873 2605 1009 2688 gratiam
1032 2604 1241 2670 audientibus.
1282 2606 1315 2670 et

186 2705 284 2771 nolite
312 2707 498 2772 contristare
529 2707 673 2790 spiritum
696 2707 840 2773 sanctum
863 2707 925 2788 dei,
955 2708 987 2772 in
1011 2727 1072 2791 quo
1097 2707 1213 2791 signati
1235 2707 1312 2772 estis

184 2807 219 2874 in
243 2807 294 2875 die
316 2810 551 2892 redemptionis.
590 2811 691 2876 omnis
726 2811 903 2876 amaritudo
931 2813 963 2877 et
995 2812 1044 2877 ira
1072 2815 1106 2878 et
1138 2810 1314 2893 indignatio

188 2912 221 2976 et
242 2913 363 3008 clamor
386 2913 418 2978 et
449 2910 647 2997 blasphemia
670 2913 802 2979 tollatur
825 2933 843 2980 a
864 2915 955 2981 uobis
970 2915 1050 3000 scum
1073 2915 1157 2981 omni
1179 2914 1312 2980 malitia

187 3015 290 3081 eatote
311 3015 419 3082 autam
441 3015 578 3082 inuicem
600 3017 737 3101 benigni,
760 3017 981 3086 misericordes
997 3018 1150 3086 donantes
1164 3019 1313 3096 inuicem,

146 3141 173 3184 as
186 3119 271 3184 mont
293 3120 326 3184 et
348 3117 427 3184 deus
448 3119 481 3183 in
497 3118 621 3186 Christo
646 3119 775 3187 donauit
789 3122 889 3188 uobis.
921 3121 1032 3188 Estote
1049 3117 1123 3205 eigo
1137 3121 1315 3187 imitatores

186 3221 248 3300 dei,
273 3220 356 3288 sicut
376 3221 434 3287 tilii
462 3223 627 3303 conanimi,
658 3224 691 3288 et
713 3225 872 3291 ambulate
900 3225 933 3290 in
962 3226 1140 3303 ddecdone,
1172 3225 1257 3291 sicut
1281 3224 1315 3288 ot

107 3493 112 3506 ⁸
290 3425 303 3479 1
322 3422 390 3496 spa.
406 3426 431 3490 4,
447 3426 548 3480 m-aa
559 3427 663 3497 cuph.
681 3428 922 3500 5,1-330tupu
940 3431 966 3493 c,
980 3431 1064 3484 r-ao
1140 3430 1173 3485 ra
1191 3401 1322 3498 damu

184 3511 211 3576 a,
231 3511 264 3568 ro
368 3512 400 3567 15
418 3511 450 3568 cr.
469 3513 514 3568 as.
531 3514 620 3583 4,4·
693 3513 727 3568 ns
745 3515 811 3586 npn.
829 3516 855 3585 s,
875 3516 958 3570 1-aa

238 3702 304 3754 lm
321 3701 424 3756 locoS
521 3702 621 3772 itaque]
639 3717 727 3772 rgrrur
744 3705 785 3758 Po
886 3703 993 3757 tironi
1012 3703 1036 3757 t
1053 3702 1110 3757 Sao
1211 3701 1315 3770 inita]

184 3803 230 3840 ma
252 3786 280 3841 R
381 3787 591 3857 5d11peranrer
612 3788 677 3843 MP
774 3789 1015 3858 61npud1c1r1a0
1115 3803 1186 3842 emm
1207 3788 1246 3843 Ρ1

183 3889 213 3927 nn
232 3886 354 3926 anamma
370 3875 404 3937 P,
431 3874 459 3927 in
478 3875 652 3930 maritiamo
755 3877 881 3931 iunio
904 3891 951 3929 nos
975 3878 1064 3930 autem
1080 3894 1107 3931 n.
1124 3876 1141 3930 i.
1160 3873 1185 3929 d.
1203 3873 1273 3937 (ihr,
1292 3891 1313 3930 a.

183 3961 204 4013 t.
222 3957 240 4013 i.
259 3973 283 4011 a,
303 3975 325 4012 a.
344 3958 362 4012 i.
379 3960 437 4028 ipso
456 3959 543 4014 edocti
561 3961 633 4026 estis,
658 3979 678 4017 a.
697 3978 719 4018 e.
737 3977 763 4017 u.
781 3961 887 4017 inlesa
904 3959 972 4016 add.
989 3979 1063 4017 man.
1078 3961 1227 4032 posterior,
1251 3976 1315 4014 mim

179 4043 278 4114 prima
296 4045 439 4100 detumeat
457 4061 490 4099 cr
507 4045 533 4114 p’
549 4047 641 4115 pailul
658 4047 687 4102 Ρ
770 4047 788 4102 8
807 4048 944 4117 deponere]
963 4047 1086 4116 deponite
1104 4065 1124 4100 a
1210 4045 1243 4101 10
1260 4061 1314 4106 cor,

182 4139 298 4199 raperer
315 4131 353 4184 M
453 4131 486 4185 13
510 4147 636 4186 ueniere
659 4134 687 4188 R
791 4133 993 4203 retinemini]
1012 4135 1193 4188 addentem
1210 4133 1246 4187 P·
1306 4191 1311 4200 ,

184 4217 218 4270 16
236 4215 343 4270 diabilo
361 4217 425 4272 MP
509 4219 541 4272 17
560 4217 692 4289 manibus]
706 4219 772 4274 odd.
784 4219 944 4276 imiRS²ao
1031 4220 1064 4274 19
1080 4218 1153 4273 bonu
1166 4219 1210 4283 M,
1228 4219 1315 4272 bonus

183 4308 229 4356 eir
247 4302 275 4357 R
369 4302 403 4356 20
421 4304 617 4374 oportunitatis]
637 4305 666 4358 ai
682 4303 745 4359 fidei
764 4322 782 4358 a
800 4306 832 4359 io
849 4323 936 4377 scorp,
954 4306 1002 4375 (es.
1018 4308 1044 4375 υ)
1146 4305 1181 4358 22
1198 4306 1226 4359 in
1244 4305 1314 4359 diem

182 4405 200 4442 c
303 4387 336 4440 2⁵
354 4388 432 4443 anob
452 4389 490 4444 M
589 4389 622 4444 26
640 4391 695 4444 hur
713 4391 851 4448 MPGRS
