3159 4967
282 435 343 502 122
661 434 687 488 S.
704 433 820 488 Aureli
837 432 1021 502 Augustini

276 642 336 688 non
369 621 544 688 abscondas
566 621 754 703 sapientiam
780 622 868 686 tuam
898 620 929 684 in
961 619 1073 685 decore
1109 621 1185 685 eius.
1230 621 1261 684 in
1293 619 1405 704 lingna

277 726 361 790 enim
382 725 562 808 agnoscitur
584 723 739 805 sapientia
756 724 789 787 et
811 742 922 788 sensus
947 724 979 787 ot
1002 723 1137 788 scientia
1160 723 1192 788 et
1214 722 1403 787 doctrinam

274 828 380 895 uerbis
412 827 556 892 ueritatis
586 827 619 890 et
645 825 880 891 firmamentum
912 827 944 890 in
973 826 1119 908 operibus
1146 827 1295 892 institiae.
1341 844 1403 891 non

277 930 475 996 contradicas
497 929 625 994 ueritati
646 929 711 993 nllo
733 929 828 994 modo
857 929 889 992 ot
920 929 958 992 de
990 929 1156 994 mendacio
1183 928 1403 994 ineruditionis

275 1034 351 1098 tuac
384 1031 582 1098 confundere.
633 1050 692 1096 non
727 1029 928 1096 confundaris
956 1030 1099 1096 confiteri
1127 1033 1259 1113 peecata
1286 1031 1344 1095 tna
1371 1031 1442 1094 ees

274 1155 314 1200 ne
335 1136 472 1200 subicias
493 1136 526 1198 te
540 1133 658 1199 homini
672 1152 728 1216 pro
743 1134 883 1214 peccato.
922 1133 985 1198 noli
1000 1134 1147 1198 resistere
1162 1135 1272 1200 contra
1286 1133 1401 1206 faciam

274 1238 420 1320 potentis,
443 1256 501 1302 nec
523 1237 645 1301 coneris
667 1237 778 1300 contra
799 1235 898 1300 iotam
916 1235 1013 1300 fluuii
1051 1237 1220 1302 iniustitia
1235 1238 1400 1320 agonizare

273 1360 329 1423 pro
353 1342 457 1406 anima
476 1341 534 1405 tua
556 1340 588 1404 et
609 1357 709 1425 usque
734 1337 774 1404 ad
796 1339 930 1403 mortem
945 1339 1034 1402 certa
1048 1358 1103 1421 pro
1119 1339 1250 1417 iustitia,
1275 1342 1309 1404 et
1323 1339 1401 1405 deus

274 1443 458 1526 inpugnabit
479 1462 534 1525 pro
555 1443 589 1506 to
610 1443 754 1508 inimicos
776 1444 858 1507 tuos.
902 1441 966 1506 noli
993 1441 1109 1506 citatus
1139 1461 1208 1506 esse
1237 1443 1269 1507 in
1291 1443 1402 1525 lingua

272 1549 330 1612 tua
353 1549 385 1612 ot
404 1548 526 1612 inutilis
549 1549 581 1610 ot
602 1547 753 1612 remissus
780 1547 813 1611 in
842 1546 987 1628 operibns
1014 1546 1088 1611 tuis.
1133 1545 1196 1611 noli
1226 1563 1294 1610 osso
1318 1546 1440 1610 sicut1⁰

272 1650 322 1715 leo
344 1651 377 1715 in
399 1650 491 1716 domo
513 1651 569 1714 tua
592 1651 737 1714 onomons
759 1649 951 1713 domesticos
972 1649 1044 1714 tuos
1068 1649 1101 1712 ot
1122 1649 1298 1731 opprimens
1322 1651 1400 1714 snb·

273 1753 375 1818 iectos
396 1752 463 1818 tibi.
509 1770 569 1817 non
592 1753 634 1816 sit
655 1753 801 1834 porrecta
822 1771 934 1816 manus
957 1753 1015 1816 tna
1031 1751 1071 1816 od
1093 1751 1281 1833 capiendum
1306 1753 1337 1816 et
1359 1753 1401 1816 ad

274 1855 413 1919 dandum
437 1854 580 1919 collecta.
624 1855 696 1919 Noli
719 1853 891 1919 adtendere
916 1854 956 1918 ad
979 1855 1194 1937 possessiones
1221 1856 1345 1937 iniquas
1368 1857 1402 1919 et

274 1976 313 2020 ne
336 1957 469 2021 dixerim
503 1959 552 2020 ost
573 1958 651 2021 mihi
679 1955 839 2022 sufficiens
861 1957 937 2020 uita
982 1957 1060 2021 nihil
1090 1957 1172 2022 enirn
1200 1958 1341 2040 proderit
1367 1959 1400 2021 in

271 2060 413 2141 tempore
436 2059 595 2123 uindictae
618 2060 651 2123 et
673 2057 879 2122 obductionis.
924 2077 984 2123 non
1007 2059 1149 2140 aequaris
1172 2061 1400 2142 concupiscen-
1415 2068 1440 2108 ¹⁸

272 2162 351 2226 tiam
372 2161 477 2227 cordis
499 2164 531 2226 ct
552 2181 591 2226 ne
614 2160 745 2226 dixeris:
769 2161 924 2244 quomodo
946 2161 1054 2244 potui?
1078 2163 1134 2225 ant
1155 2163 1225 2243 quis
1247 2182 1299 2226 me
1321 2164 1399 2227 snb-

273 2265 349 2329 iciet
374 2266 500 2347 proptor
532 2265 618 2330 facta
650 2269 743 2330 mea?
787 2265 865 2330 dens
899 2264 981 2328 enim
1016 2264 1181 2330 uindicare
1213 2265 1399 2330 uindicahit.

272 2387 312 2432 ne
336 2367 467 2433 miens:
499 2368 631 2450 peccaui
665 2367 794 2451 etquid
825 2367 941 2432 accidit
969 2367 1047 2432 mihi
1070 2367 1182 2432 triste?
1227 2367 1399 2432 altissimus

274 2471 358 2536 enim
381 2473 429 2536 est
450 2472 572 2553 patiens
593 2470 744 2535 redditor.
784 2469 823 2534 de
846 2470 1016 2552 propitiatu
1031 2471 1234 2553 peccatorum
1250 2471 1312 2536 noli
1329 2489 1418 2544 osso.

272 2575 339 2639 sine
350 2574 447 2652 meta,
463 2593 566 2656 neque
581 2573 701 2638 adicias
716 2573 883 2655 peccatum
893 2591 987 2655 snper
1001 2574 1176 2655 peceatum.
1195 2575 1227 2637 et
1238 2592 1276 2638 no
1292 2573 1398 2638 dican:
1413 2595 1439 2634 so

272 2677 433 2743 miseratio
461 2677 513 2742 dei
543 2693 659 2759 magna
687 2675 752 2752 est,
784 2673 996 2738 multitudinis
1028 2675 1230 2756 peccatorum
1256 2693 1400 2740 meorum

273 2781 481 2846 miserebitur.
526 2777 742 2844 misericordia
766 2777 848 2841 enim
877 2778 909 2840 et
935 2778 984 2842 ira
1014 2779 1052 2842 ab
1081 2778 1137 2842 illo
1160 2777 1223 2843 cito
1245 2779 1400 2860 proximat

273 2884 308 2947 ct
327 2884 360 2947 in
380 2883 563 2965 peccatores
585 2880 714 2962 respicit
742 2880 791 2944 ira
819 2879 915 2944 illius.
961 2897 1021 2944 non
1048 2879 1157 2945 tardes
1186 2882 1328 2946 conuerti
1359 2882 1401 2947 ad

275 2983 435 3049 dominum
457 2985 490 3047 et
511 3003 551 3048 ne
573 2981 698 3046 differas
729 2981 768 3045 do
799 2980 849 3046 die
871 2980 903 3044 in
928 2979 1022 3045 diem.
1067 2983 1171 3048 subito
1202 2984 1284 3048 enim
1312 2985 1401 3048 uenit

272 3085 321 3150 ira
341 3086 427 3150 illins
449 3087 481 3150 et
508 3085 540 3148 in
567 3087 708 3166 tempore
737 3083 898 3148 uindictae
928 3083 1090 3166 disperdet
1117 3085 1158 3149 te.
1203 3087 1267 3151 noli
1291 3086 1441 3152 anxiasse

275 3208 345 3256 esse
366 3189 398 3254 in
422 3189 541 3254 diuitiis
568 3188 709 3252 iniustis:
743 3187 822 3252 nihil
851 3187 933 3252 enim
967 3187 1138 3269 proderunt
1168 3188 1226 3252 tibi
1254 3190 1286 3252 in
1316 3189 1400 3254 diem

276 3291 473 3356 obductionis
501 3292 534 3356 et
561 3290 731 3355 uindictae.
774 3308 836 3355 non
866 3289 1000 3356 nentiles
1028 3292 1061 3354 te
1087 3291 1119 3356 in
1143 3292 1227 3356 omni
1251 3293 1343 3357 uento
1368 3293 1400 3357 et

274 3413 334 3459 non
366 3413 419 3458 eas
447 3394 479 3458 in
508 3393 592 3458 omni
619 3393 681 3458 uia
727 3391 772 3456 sic
803 3392 885 3456 enim
914 3395 1063 3474 peccator
1095 3395 1245 3476 probatur
1281 3395 1399 3477 duplici

165 3537 168 3542 -
273 3497 391 3580 lingna.
437 3497 504 3561 esto
530 3494 640 3560 firmus
673 3493 704 3557 in
732 3494 786 3557 uia
815 3493 867 3558 dei
898 3493 984 3558 etin
1005 3495 1141 3558 ueritate
1164 3513 1275 3560 sensns
1296 3497 1344 3560 tui
1367 3497 1400 3561 et

274 3599 415 3675 scientia,
446 3600 478 3663 et
505 3597 725 3680 prosequatur
739 3596 772 3660 te
801 3596 933 3661 uerbum
961 3597 1048 3680 pacis
1078 3597 1109 3661 ot
1135 3597 1285 3663 institiae.
1330 3600 1439 3664 estooo

275 3709 458 3768 mansuetus
482 3699 522 3765 ad
545 3700 735 3766 audiendum
758 3699 890 3766 uerbum
914 3700 974 3780 dei,
1003 3700 1039 3763 ut
1060 3699 1242 3786 intellegas:
1267 3703 1298 3767 et
1325 3721 1398 3766 cnm

324 3927 419 3997 lnon}
437 3941 489 3981 ooo,
507 3927 553 3994 P',
571 3942 604 3979 ne
622 3926 651 3981 R
752 3925 949 3980 thammo&
1048 3925 1211 3994 lagonrare
1235 3925 1333 3982 MP'S

272 4011 475 4082 derpngnabrr
497 4011 553 4067 Sao
655 4012 758 4066 aerbo:
783 4012 813 4065 in
835 4011 925 4079 lingna
945 4039 980 4050 —
1003 4039 1038 4050 —-
1060 4009 1115 4064 noll
1137 4026 1193 4066 esso
1217 4027 1267 4066 om.
1292 4012 1329 4066 1³¹

273 4096 307 4150 12
323 4098 488 4168 capiendum]
501 4097 682 4166 accipiendum
693 4097 775 4152 PSoo
846 4096 878 4150 18
889 4097 1015 4166 nolitne
1028 4096 1067 4151 Sa
1136 4096 1330 4154 aecedrrMP¹

273 4181 306 4236 21
325 4183 520 4238 mulurudmer
535 4184 599 4238 MP
663 4182 699 4236 23
715 4184 779 4253 non]
799 4199 832 4238 er
849 4198 904 4236 non
920 4183 1033 4238 MPGR
1101 4183 1135 4237 14
1152 4183 1260 4238 differat
1274 4199 1398 4238 connarn

272 4268 296 4323 0
387 4270 477 4323 ueniet
495 4285 530 4324 aa
615 4269 649 4324 26
666 4269 709 4323 dre
728 4269 834 4325 ORSac
929 4268 962 4322 27
981 4269 1094 4323 uentrlrl
1109 4270 1182 4324 ΜΡι
1272 4268 1399 4340 asphar

275 4354 443 4424 pecearorO
509 4355 541 4408 31
560 4354 657 4439 adlcr
676 4355 711 4409 ad
728 4356 757 4412 P
822 4353 875 4424 dei]
894 4353 922 4439 dl
940 4355 973 4421 P,
991 4369 1076 4422 omo
1145 4357 1185 4425 nt]
1205 4371 1238 4410 et
1257 4357 1295 4410 ΡΙ
