3159 4967
302 412 366 481 682
524 412 572 467 Dc
589 410 715 466 diuinir
734 410 917 481 rcriptuuia
938 411 1009 465 uiue
1027 410 1212 479 Speculum.

302 603 452 669 biberunt
474 619 582 669 omnes
603 601 724 684 gentes.
763 600 862 665 ltcm
884 600 992 665 illic:
1017 598 1051 665 Si
1074 599 1145 683 quia
1165 600 1277 666 aderat
1300 598 1447 664 beatiam

305 706 338 769 et
359 705 529 787 imaginem
560 703 638 783 cius,
670 705 702 768 et
733 703 850 787 accipit
872 704 1038 769 character
1066 704 1099 768 in
1121 705 1223 770 trente
1245 722 1307 768 aua
1329 702 1445 766 autin

305 827 401 873 manu
432 826 499 887 ena,
531 808 563 872 et
584 806 635 872 hic
657 806 745 873 bibet
768 805 807 872 de
829 805 1045 890 indignatione
1069 806 1130 885 dei,
1162 824 1244 891 quae
1265 806 1372 871 intuta
1395 806 1448 870 eet

304 930 395 977 mera
416 910 448 975 in
470 910 571 977 calice
593 910 660 975 irae
683 908 762 987 ciue,
786 912 819 975 et
840 910 1034 977 cruciabitur
1058 910 1090 974 in
1113 910 1186 993 igne
1209 910 1243 973 ct
1264 908 1390 974 auIIcrc
1411 908 1446 972 in

305 1016 478 1097 conspectu
508 1013 691 1099 angelornm
720 1014 752 1079 at
781 1014 864 1097 agni.
904 1014 937 1078 et
960 1013 1067 1079 tumne
1089 1014 1123 1078 et
1143 1013 1308 1079 cruciatus
1330 1030 1447 1077 curum
1472 1035 1485 1075 s

304 1118 335 1183 in
371 1118 500 1185 saccula
537 1116 736 1184 saecularum
774 1116 926 1182 accendit
971 1118 1072 1183 Item
1104 1117 1213 1182 illic:
1250 1116 1293 1181 lit
1331 1116 1448 1180 audiui

307 1222 402 1289 aliam
424 1240 537 1289 uocem
561 1220 600 1287 dc
623 1220 712 1287 caelo
737 1218 912 1285 dicentem:
935 1220 1019 1285 euitc
1043 1220 1083 1285 de
1106 1238 1154 1299 ea,
1176 1218 1316 1303 populna
1336 1238 1447 1295 maus,

305 1327 343 1390 ut
365 1344 403 1391 ne
426 1324 665 1393 communicetis
698 1323 839 1407 peccatis
873 1323 942 1389 ciue
971 1324 1005 1389 ct
1037 1324 1077 1389 de
1111 1322 1216 1406 plagis
1246 1323 1318 1387 eiua
1344 1323 1384 1387 ut
1406 1342 1448 1387 nc

307 1429 480 1513 accipiatis.
521 1429 597 1513 quia
628 1428 960 1511 adpropinquanerunt
991 1429 1126 1511 peccata
1158 1426 1227 1491 cine
1259 1445 1368 1509 neque
1405 1426 1449 1490 ad

306 1533 442 1612 caelum,
473 1532 505 1599 et
526 1532 719 1598 memoratus
743 1531 792 1595 eet
814 1528 893 1595 (leue
921 1530 1107 1612 iniquitaten
1133 1530 1210 1594 eiua.
1248 1529 1382 1595 reddite
1407 1531 1447 1606 ai,
1461 1558 1486 1597 a

308 1636 392 1702 sicut
414 1638 447 1700 et
468 1636 539 1720 ipea
558 1633 708 1710 reddidit,
741 1632 772 1699 ct
800 1631 959 1716 duplicate
983 1631 1123 1715 duplicia
1145 1632 1324 1698 secuudum
1345 1652 1448 1715 cpara

308 1739 386 1805 eius.
421 1739 452 1803 in
476 1739 586 1811 calice,
611 1756 672 1820 quc
695 1736 834 1813 miscuit,
857 1736 991 1801 miscete
1007 1736 1036 1800 ci
1058 1735 1207 1818 duplum:
1231 1736 1265 1800 ct
1285 1738 1447 1818 quantum

306 1842 526 1925 magnificauit
547 1860 581 1907 ac
604 1842 636 1905 ct
661 1840 819 1905 luxuriata
847 1840 905 1917 eat,
935 1840 1060 1905 tanturm
1088 1839 1162 1903 data
1184 1838 1216 1904 ai
1243 1839 1448 1905 termentum

308 1946 341 2009 et
362 1945 494 2011 luctum.
532 1944 607 2027 quia
633 1944 666 2008 in
689 1942 784 2009 corde
807 1961 864 2007 suc
888 1942 981 2007 dicit:
1010 1941 1107 2008 aeden
1136 1942 1257 2024 ragina,
1288 1942 1324 2007 et
1345 1942 1449 2007 uidua

308 2066 369 2113 non
392 2066 471 2125 curn,
502 2048 534 2112 et
560 2047 683 2111 luctum
711 2065 771 2111 nen
794 2045 920 2111 uidebo.
958 2048 1125 2128 prepterea
1146 2064 1210 2109 nna
1231 2046 1313 2111 lucra
1335 2047 1485 2112 uenietu

307 2150 404 2233 plaga
437 2150 514 2230 eiua,
547 2170 633 2217 more
664 2152 696 2214 et
728 2148 821 2215 lamia
855 2150 887 2213 et
907 2148 1025 2227 luctus,
1059 2150 1092 2214 et
1123 2150 1197 2232 igne
1230 2150 1449 2214 cremabitur:

308 2255 458 2338 qnoniam
479 2254 567 2321 fortis
591 2256 639 2319 est
662 2254 807 2320 dominus
831 2253 919 2332 dene,
944 2254 997 2335 qui
1018 2252 1141 2319 iudicat
1162 2271 1243 2317 carn.

256 2488 280 2528 α
308 2480 424 2538 nequa
458 2465 507 2539 qui
539 2466 643 2523 mixtus
672 2465 717 2522 eet
743 2479 821 2523 marc
852 2464 884 2523 in
913 2463 999 2523 calice
1029 2463 1069 2525 ire
1096 2463 1198 2538 ipeiue.
1241 2464 1337 2523 Item
1371 2482 1448 2539 cap.

309 2550 443 2609 XXXIII:
472 2550 510 2608 Et
532 2550 628 2609 andini
651 2550 735 2607 aliem
757 2564 826 2609 nece
845 2548 882 2607 'dc
904 2550 981 2609 caclo
1002 2566 1116 2624 neque
1138 2549 1220 2608 tertie
1242 2552 1289 2609 eet
1311 2549 1449 2610 deminus

309 2636 389 2707 dene,
412 2636 461 2711 qui
483 2636 591 2695 iudicat
612 2652 683 2695 eam.
1462 2658 1486 2699 a·

259 2848 283 2906 μ
309 2826 339 2883 et
360 2824 513 2899 imaginem
534 2824 596 2883 eine
626 2840 738 2897 unque
764 2826 793 2882 et
814 2824 910 2882 lumua
930 2825 1132 2883 tormentcrum
1155 2840 1251 2881 eornm
1273 2825 1304 2882 in
1328 2826 1450 2883 caecula

310 2910 485 2971 sacculorum
519 2909 660 2969 accendat.
710 2909 798 2967 Item
830 2926 906 2983 cap.
939 2909 1007 2967 XL:
1041 2908 1158 2978 Cecidit,
1192 2909 1298 2968 cecidit
1317 2910 1448 2985 babylon

310 3012 416 3069 magna
438 3012 550 3068 nequa
574 2996 641 3069 qnia
663 2993 744 3053 lentie
767 2997 812 3053 eat
833 2994 914 3064 dena,
937 2994 986 3068 qui
1007 2994 1147 3054 iudicauit
1167 2994 1256 3053 illam.

414 3196 427 3247 1
447 3194 528 3263 Apce.
547 3196 588 3261 14,
605 3194 689 3248 9-11
794 3194 910 3264 ddpcc.
930 3194 972 3259 18,
990 3194 1059 3247 4-8

364 3384 376 3435 l
402 3382 448 3435 ubi
465 3398 544 3452 supra
562 3383 663 3439 MLO.
692 3389 765 3452 apat.
783 3400 846 3439 acc.
868 3382 895 3437 V
1011 3383 1029 3437 2
1051 3383 1148 3452 accipit
1171 3384 1270 3451 HLO,
1301 3387 1412 3455 accepit
1429 3388 1455 3441 S

312 3472 386 3538 (494,
404 3472 450 3538 17)
555 3470 673 3523 caracter
696 3468 831 3524 SMVLG
931 3470 1019 3523 uerba
1041 3470 1070 3523 iu
1090 3468 1179 3524 trente
1202 3486 1250 3523 auu
1271 3474 1320 3525 aut
1338 3488 1391 3527 cuc
1413 3475 1452 3527 II

315 3556 394 3612 VLO
494 3555 511 3607 4
529 3570 599 3608 merc
618 3554 749 3611 MVLGc
852 3554 962 3625 aulphur
978 3556 1094 3611 ΜΗΘ
1192 3556 1209 3610 6
1227 3557 1358 3612 mandat
1375 3560 1415 3615 Μ
1417 3563 1450 3623 V,

312 3658 362 3697 cm.
388 3642 415 3696 L
516 3641 562 3694 ubi
585 3657 663 3710 supra
686 3642 803 3698 ΜΗΘ
903 3642 921 3695 8
943 3642 1058 3711 peccatis
1077 3658 1128 3698 cur.
1149 3642 1261 3698 MVLC
1363 3648 1396 3699 ut
1413 3664 1451 3701 ue

312 3745 430 3814 arripui,
460 3746 489 3797 et
511 3761 544 3797 ne
567 3745 646 3808 talari,
674 3744 720 3797 icc
743 3746 780 3814 μή
883 3747 912 3799 ct
930 3745 963 3799 du
980 3746 1067 3815 plagia
1084 3746 1140 3799 eiua
1159 3750 1187 3800 ct
1203 3736 1225 3759 ¹¹
1242 3746 1383 3816 accipiatiu
1401 3754 1450 3815 (nc

312 3831 379 3887 cdd.
399 3848 433 3887 m.
451 3832 477 3899 1)
501 3831 533 3895 S,
563 3833 591 3885 et
608 3830 642 3885 de
659 3832 744 3901 plagia
762 3832 819 3885 ciue
837 3831 974 3901 accipiatis
996 3831 1121 3896 arno,
1147 3832 1196 3885 καὶ
1211 3830 1241 3885 ἐκ
1257 3839 1317 3885 τῶν
1332 3837 1451 3903 πληγῶν

311 3932 399 4001 aava
415 3931 460 3985 aa
478 3931 516 4000 μὴ
533 3932 632 4002 icam
736 3934 765 3987 11
785 3932 855 3987 nent
873 3934 910 4002 et]
928 3936 958 3988 e
973 3916 1019 3946 '¹'
1036 3916 1092 4001 (³¹
1109 3952 1143 3989 m.
1161 3937 1193 4002 a)
1214 3934 1242 3989 v
1339 3934 1450 4006 uuppn

312 4040 372 4092 cata
389 4036 426 4090 M
520 4034 653 4105 dupplicia
670 4034 730 4090 Mc
824 4034 858 4090 12
875 4037 979 4091 miscite
997 4036 1117 4093 SMLG¹
1209 4036 1382 4107 dupplumC

313 4156 346 4211 13
369 4156 541 4225 magnificata
564 4158 605 4210 esc
628 4159 656 4210 a
676 4129 779 4211 lurica
796 4159 837 4211 et
855 4146 885 4225 Γ
902 4156 939 4212 ac
957 4157 1048 4223 mic
1150 4157 1184 4212 1e
1205 4157 1284 4212 rama
1308 4158 1378 4213 carr

313 4260 541 4400 17ὼφιοιιίιω8ε
572 4260 633 4331 quia
650 4259 782 4316 MVLGc
880 4276 909 4313 ea
926 4246 979 4313 dne
1000 4260 1029 4325 0,
1060 4274 1088 4312 ea
1106 4248 1156 4314 die
1172 4265 1195 4327 (a
1213 4261 1246 4314 iu
1261 4265 1332 4317 ruri
1353 4263 1383 4313 V

312 4348 340 4401 iu
360 4346 414 4400 ‘cas
436 4347 458 4401 C
