3159 4967
286 443 348 510 128
664 438 690 493 S.
709 438 825 493 Aureli
841 439 1025 510 Augustini

282 631 388 696 lutura
409 631 452 694 sit
471 629 570 712 ipsius
585 629 757 695 subuersio.
792 649 854 695 non
868 630 994 712 placeat
1007 629 1066 694 tibi
1082 629 1196 694 iniuria
1209 629 1405 694 iniustomm.

282 735 329 801 llt
356 735 447 817 post
467 734 499 798 ΙΙ
528 751 687 798 uersus:
719 732 827 816 Longe
857 735 965 799 abesto
996 735 1034 800 ab
1064 734 1188 798 homine
1216 734 1408 815 potestatem

283 839 419 904 habente
435 835 610 910 occidendi,
634 837 667 900 et
688 855 749 902 non
766 836 976 918 suspicaberis
996 836 1142 901 timorem
1164 837 1283 900 mortis.
1323 837 1356 900 et
1378 836 1405 900 si

287 939 459 1006 accesseris
482 939 523 1004 ad
544 937 644 1016 illum,
667 938 731 1004 noli
754 939 875 1021 aliquid
897 939 1104 1014 committere,
1126 958 1166 1003 ne
1188 939 1269 1004 forte
1286 939 1410 1004 auferat

285 1045 385 1110 uitam
405 1045 504 1108 tuam.
548 1041 594 1106 at
615 1043 704 1124 post
725 1044 791 1106 Illl
813 1061 972 1107 uersus:
1001 1041 1042 1106 iit
1064 1059 1137 1105 cum
1159 1041 1353 1124 sapientibus
1377 1043 1411 1105 ct
1436 1058 1450 1097 ⁵

285 1147 491 1230 prudentibus
511 1147 624 1210 tracta
669 1145 730 1210 uiri
751 1145 827 1210 iusti
850 1145 913 1210 sint
933 1145 991 1211 tibi
1014 1143 1177 1221 conuiuae,
1201 1145 1234 1208 et
1248 1143 1279 1208 iii
1294 1143 1409 1210 timore

287 1250 339 1315 dei
361 1250 403 1314 sit
423 1248 606 1331 gloriatibi.
643 1249 691 1313 Ilt
711 1249 802 1332 post
823 1247 913 1312 Lllll
937 1267 1093 1314 uorsus:
1118 1247 1232 1312 Semeii
1247 1248 1409 1313 hominum

283 1354 486 1419 honorabitur
513 1354 582 1427 hoe,
611 1351 696 1433 quod
722 1351 816 1414 timet
845 1350 954 1415 deum:
988 1369 1096 1416 semen
1127 1351 1232 1414 autem
1263 1352 1322 1416 hoa
1352 1369 1409 1414 eii-

285 1457 488 1522 honorabitur
522 1455 699 1531 hominum,
733 1452 817 1536 quod
850 1453 1000 1534 praeterit
1026 1454 1177 1520 mandata
1206 1453 1332 1518 domini.
1378 1453 1409 1516 in

284 1559 389 1626 modio
400 1560 532 1624 itatinm
546 1559 672 1623 illomm
686 1557 791 1622 rector
805 1558 837 1620 in
853 1559 978 1636 honore,
1003 1559 1035 1622 et
1052 1559 1106 1640 qui
1120 1559 1233 1622 timent
1248 1555 1410 1621 dominum
1425 1569 1449 1609 1⁰

286 1664 377 1726 erunt
389 1662 422 1727 in
437 1661 538 1726 oculis
554 1660 650 1724 illius.
677 1659 779 1742 gloria
795 1657 939 1738 ciuium
954 1661 1174 1726 honoratorum
1191 1661 1223 1725 et
1237 1677 1410 1742 pauperum

285 1765 379 1830 bmor
401 1765 462 1830 dei.
514 1783 575 1830 non
604 1765 654 1829 est
676 1763 838 1846 despicere
861 1764 1017 1829 hominem
1040 1765 1157 1830 iustum
1185 1779 1354 1847 pauperem
1380 1763 1412 1826 et

286 1886 346 1932 non
363 1867 566 1950 magnificare
581 1867 685 1931 uirum
699 1867 899 1948 peccatorem
918 1866 1058 1931 diuitem.
1096 1885 1229 1950 magnus
1246 1867 1294 1931 est
1315 1865 1411 1930 iudex

286 1973 319 2036 et
339 1972 450 2053 potens
473 1971 522 2035 est
542 1971 574 2034 in
597 1971 723 2045 honore,
746 1969 779 2033 ot
801 1987 861 2033 non
878 1971 926 2034 est
939 1969 1039 2034 maior
1053 1969 1108 2035 illo
1125 1971 1177 2052 qui
1195 1970 1287 2034 timet
1303 1970 1409 2034 deum.

286 2092 377 2138 seruo
399 2074 525 2138 sensato
545 2071 637 2139 liberi
659 2073 815 2136 sormunt:
838 2073 887 2137 uir
903 2073 1040 2155 pmdens
1063 2074 1095 2137 et
1117 2073 1334 2156 disciplinatus
1348 2091 1409 2136 non
1425 2095 1450 2134 is

285 2176 495 2241 murmurabit
509 2175 679 2258 correptus.
717 2175 765 2239 Et
785 2178 875 2257 post
897 2175 924 2238 V
947 2194 1103 2240 uersus:
1126 2175 1197 2252 Fili,
1212 2175 1244 2240 in
1259 2193 1409 2240 mansue·

286 2279 395 2344 tudine
429 2297 521 2343 serua
552 2277 689 2342 animam
714 2277 804 2342 tuam
838 2279 870 2342 ct
903 2278 944 2342 da
975 2278 1022 2342 illi
1055 2279 1203 2344 honorem
1237 2276 1411 2343 secundnm

286 2381 435 2448 meritum
462 2400 562 2446 suurn.
606 2380 652 2445 nt
680 2381 771 2462 post
799 2381 843 2445 VI
873 2399 1030 2446 uersus:
1065 2380 1227 2463 Sapientia
1255 2380 1411 2446 humiliati

287 2485 406 2552 exaltat
427 2485 523 2566 eaput
543 2485 651 2567 ipsius,
676 2485 707 2549 et
728 2485 760 2548 iii
777 2485 883 2550 medio
898 2485 1115 2567 magnatorum
1137 2484 1307 2549 consedere
1321 2485 1411 2550 illum

286 2589 390 2655 faciet
422 2607 482 2654 nou
496 2588 608 2653 laudea
623 2588 726 2654 uirum
741 2589 773 2652 iu
788 2587 894 2671 speeie
910 2607 977 2665 sua,
995 2605 1095 2670 neque
1111 2605 1238 2670 spernas
1254 2588 1411 2653 hominem
1425 2607 1452 2649 ii

285 2693 411 2758 inuisa
434 2711 499 2756 suo.
536 2691 642 2756 breuis
656 2691 688 2755 iii
704 2690 886 2756 dolatilibus
909 2691 958 2754 est
981 2691 1057 2772 apia,
1082 2691 1114 2756 ot
1132 2689 1256 2754 initium
1273 2690 1412 2756 dulcoris

285 2795 382 2859 habet
402 2793 523 2858 boetus
544 2791 639 2856 illius.
683 2791 716 2855 in
739 2792 856 2856 uestitu
879 2809 917 2855 ne
939 2791 1083 2874 glorieris
1106 2811 1264 2875 umquam,
1293 2811 1350 2856 noc
1379 2793 1411 2856 iii

288 2895 340 2960 die
360 2897 486 2961 honoris
507 2895 555 2959 tui
579 2893 746 2958 extollaris.
793 2893 840 2958 Et
861 2895 951 2976 post
973 2897 1017 2959 Vl
1040 2913 1194 2961 uersus:
1224 2896 1411 2978 Priusquam

390 3170 504 3237 allecti.
522 3171 547 3232 9,
567 3169 600 3223 18
618 3171 646 3222 et
664 3168 696 3221 ie
765 3167 885 3222 51121
906 3171 932 3222 ct
950 3169 983 3222 22
1053 3169 1168 3224 arceri.
1182 3171 1223 3232 10,
1242 3169 1343 3224 23-28

289 3255 321 3310 ie
339 3255 375 3310 ib.
393 3256 424 3309 31
496 3255 529 3309 18
547 3255 625 3310 Eoeli.
644 3255 686 3316 ii,
706 3255 772 3308 1-4
843 3255 876 3310 23
895 3255 930 3310 ib.
950 3257 1033 3310 7-10

340 3469 463 3552 liburia
480 3499 503 3565 (r
518 3497 551 3550 iii
567 3513 625 3552 raa.
643 3503 670 3552 et
681 3513 710 3552 iu
721 3512 812 3567 aspra
830 3498 878 3553 li'n.
897 3515 931 3554 m.
946 3501 1003 3566 pr.)
1024 3497 1061 3550 Μ
1126 3497 1289 3568 Iniustorum]
1309 3502 1413 3552 iuiroru

289 3581 341 3638 RS
406 3581 486 3636 2*ss
504 3585 573 3652 (ras.
592 3581 626 3651 X)
643 3583 670 3636 P
738 3583 896 3639 amoenas
915 3585 974 3640 ΜΟ
1040 3581 1142 3652 auspic]
1167 3588 1359 3652 lulpieaueriiu
1379 3583 1414 3646 P,

288 3667 512 3737 lupplieaberirG
577 3675 675 3724 monii
687 3670 720 3736 (ii
734 3671 767 3724 iii
783 3674 853 3740 rus.)
868 3671 895 3726 P
962 3669 1123 3738 41011118
1189 3669 1295 3724 auderet
1309 3671 1346 3726 Ρι

290 3778 386 3834 dutrii
404 3781 431 3846 iu
448 3785 475 3834 et
491 3796 510 3834 τ
527 3779 560 3832 iii
577 3795 684 3834 rasura
701 3781 756 3836 biii.
774 3782 820 3837 iret
839 3787 908 3836 terii.
928 3782 993 3849 litt.)
1019 3783 1057 3836 M
1156 3781 1272 3851 11111111
1289 3782 1325 3843 R,
1349 3739 1416 3836 :ffiz

291 3867 373 3934 (corr.
391 3883 425 3919 m.
441 3868 498 3934 pr.)
519 3865 547 3930 S,
566 3868 690 3934 quattuor
707 3883 726 3919 a
821 3869 837 3921 7
855 3869 983 3937 gloriatio
1002 3868 1067 3924 Clio
1163 3867 1223 3938 tibi]
1242 3883 1296 3921 rua
1314 3866 1346 3920 0¹

289 3947 372 4019 LIIII]
390 3948 450 4003 LIII
466 3949 502 4012 R,
521 3950 622 4019 aliquos
640 3966 659 4003 u
753 3953 891 4022 9prenir
909 3951 1006 4007 MP¹0
1102 3955 1132 4007 11
1152 3953 1232 4023 illius]
1252 3951 1349 4007 eiuiO

291 4034 325 4088 12
342 4051 396 4090 non
414 4038 455 4089 cst
472 4036 583 4105 scripsi,
602 4041 645 4090 eir
664 4052 717 4090 non
735 4037 858 4092 MPOSa
878 4039 947 4106 (cod.
965 4039 1048 4104 Arii),
1068 4045 1111 4092 cir
1129 4055 1162 4092 ne
1180 4039 1208 4094 It
1305 4035 1348 4090 dei
1367 4037 1417 4090 est.

288 4121 344 4175 iioli
361 4120 496 4190 despicere
513 4139 530 4176 o
615 4122 736 4192 dispicias
750 4121 829 4193 (delli.
848 4124 898 4191 So)
917 4125 1043 4180 MPGSo
1139 4125 1174 4194 ct]
1194 4139 1244 4179 om.
1263 4123 1348 4178 MOR

289 4205 323 4260 13
340 4206 550 4276 magnificatione
569 4209 597 4264 R
664 4211 706 4263 est
723 4209 809 4279 iudex]
829 4213 856 4264 et
873 4208 983 4265 iudcro
1065 4211 1097 4265 14
1115 4215 1156 4264 est
1174 4210 1232 4278 alt]
1252 4225 1302 4263 orii.
1320 4208 1348 4264 R

291 4292 459 4348 itionem
478 4295 524 4351 Ra
602 4296 634 4350 16
651 4311 828 4350 murmuratis
848 4304 976 4362 (momiur.
995 4297 1039 4367 Μ)
1057 4297 1130 4352 ΜΡι
1209 4294 1242 4349 18
1260 4293 1419 4348 humilitati

291 4379 365 4434 ΜΡ
443 4381 475 4434 19
493 4380 634 4435 exairabir
652 4382 762 4438 P'CRe
831 4382 928 4438 osiderc
945 4383 973 4439 R
