3159 4967
266 425 333 490 454
492 423 539 477 De
556 422 683 476 diuinis
700 423 878 492 serIpturis
896 423 968 476 siue
987 423 1168 493 Speculum.

268 633 342 677 oum
365 612 559 678 conuertitur
574 612 615 677 ad
629 612 783 678 uomitum
806 631 897 678 suum
921 612 1046 678 odrhilis
1069 613 1213 690 efficitur,
1239 613 1283 678 sio
1308 613 1396 678 stul—

268 719 321 782 tus
343 717 466 782 malitia
489 736 547 782 sna
568 734 739 783 conuersus
760 717 792 782 in
808 717 948 799 pereatis
964 717 1038 782 suis.
1078 717 1178 782 Item
1199 717 1238 782 iu
1262 716 1392 782 eoele-

269 820 461 885 siastioo:
484 819 612 884 Initium
634 819 801 902 superbiae
823 819 958 884 hominis
981 819 1161 901 apostatare
1178 838 1197 884 a
1213 818 1288 884 deo:
1312 837 1392 901 qno·

267 921 354 987 niam
375 920 499 987 initium
520 923 645 1005 peceati
668 922 768 987 omnis
792 922 946 1004 superbia.
990 923 1090 986 Item
1111 921 1220 986 illio:
1252 923 1288 986 ln
1312 920 1392 986 duo-

267 1026 329 1090 bus
357 1025 464 1090 timuit
493 1044 547 1090 eor
575 1043 692 1102 meum,
723 1024 815 1089 etin
845 1024 939 1090 tertio
961 1023 1126 1088 iracundia
1146 1023 1224 1090 mihi
1248 1023 1391 1088 aduenit:
1420 1040 1436 1081 s

267 1128 318 1192 uir
339 1129 474 1194 bellator
496 1127 647 1194 deficiens
669 1145 725 1210 per
744 1127 892 1210 inopiam,
926 1127 974 1192 nir
1003 1127 1149 1198 seusutus
1177 1125 1392 1208 contemptus:

269 1231 302 1294 et
332 1231 384 1313 qui
414 1230 645 1315 transgreditur
668 1249 687 1294 a
707 1230 830 1294 iustitia
850 1231 883 1294 in
905 1229 1082 1311 peecatum,
1106 1229 1184 1294 deus
1207 1229 1298 1311 perat
1320 1247 1393 1292 enm

267 1333 310 1398 sd
330 1335 543 1417 romphaeam.
587 1335 687 1399 Item
715 1333 754 1398 in
782 1333 894 1400 esaia
914 1333 1124 1416 propheta:
1154 1332 1222 1396 Vae
1245 1331 1291 1395 lili
1314 1349 1392 1414 upo-

267 1435 380 1514 ststae,
403 1438 483 1502 liaeo
507 1436 585 1502 dieit
600 1435 760 1501 dominus:
783 1434 904 1500 fecistis
927 1435 1091 1500 eonsilium
1114 1453 1174 1499 non
1197 1453 1252 1516 per
1274 1452 1335 1512 me,
1360 1433 1394 1497 et

266 1538 395 1620 paetum
428 1557 489 1604 non
521 1557 578 1622 per
611 1538 753 1622 spiritum
782 1557 899 1616 meum,
935 1538 1118 1621 adponendo
1144 1536 1277 1619 poeoata
1299 1555 1394 1619 snper
1408 1561 1435 1602 ιο

266 1642 407 1724 peecata
453 1642 554 1705 Item
574 1638 679 1704 illie:
702 1639 745 1704 Et
766 1641 895 1706 exibunt
910 1641 1020 1718 sensti,
1037 1642 1069 1706 et
1083 1639 1236 1705 uidebunt
1250 1640 1394 1704 membra

266 1744 437 1821 hominum,
468 1744 521 1826 qui
549 1741 759 1825 praeuaricati
781 1743 855 1808 snut
878 1743 911 1808 iu
933 1761 1000 1806 me:
1038 1743 1155 1808 uermis
1179 1743 1259 1807 enim
1284 1761 1393 1806 eorum

266 1865 327 1912 uon
356 1845 517 1923 morietur,
552 1846 585 1910 et
613 1844 695 1927 ignis
726 1862 834 1910 eornm
865 1863 925 1910 non
949 1845 1158 1930 extinguetur,
1193 1847 1225 1911 st
1247 1846 1339 1910 erunt
1360 1845 1392 1909 in

267 1949 398 2031 sspeetu
428 1948 511 2014 omui
541 1947 637 2013 sami.
682 1947 782 2012 Item
822 1949 860 2013 in
898 1948 1077 2014 ezechiel
1109 1949 1322 2033 propheta:
1357 1947 1391 2014 Si

268 2159 358 2200 suum.
402 2141 443 2199 In
464 2139 728 2200 eeclesiastico
750 2157 824 2215 esp.
848 2141 930 2202 VIII:
959 2142 1077 2202 Initium
1099 2143 1246 2216 superbiae
1267 2143 1390 2200 hominis
1406 2159 1436 2202 1⁵

267 2228 428 2302 apostatare
448 2245 467 2285 a
488 2225 549 2285 deo.
593 2226 682 2284 Item
704 2243 776 2301 oap.
872 2245 878 2283 :
910 2225 945 2285 In
974 2227 1083 2287 duobus
1106 2228 1200 2288 timuit
1222 2244 1390 2286 cormeum.

264 2312 305 2371 In
338 2313 439 2372 esaia
471 2328 545 2386 sap.
634 2330 641 2369 ε
676 2312 735 2372 Vae
766 2311 808 2370 dli
841 2313 1010 2386 apostatum,
1044 2315 1116 2372 haee
1147 2313 1217 2372 dieit
1245 2313 1391 2372 dommus:

265 2399 360 2458 ieoisti
381 2397 530 2457 oonsiIIum
550 2413 607 2456 uon
626 2413 678 2472 por
699 2414 752 2455 me.
796 2396 888 2456 Item
909 2414 984 2472 sap.
1073 2399 1140 2458 :Et
1162 2399 1279 2458 exibunt
1299 2398 1392 2457 saneti

265 2487 295 2543 et
315 2484 452 2545 ridebunt
473 2485 598 2544 membra
619 2483 763 2541 hominum
785 2483 834 2556 qui
855 2483 1043 2558 praeuaricati
1060 2486 1134 2542 sunt.
1168 2483 1209 2542 In
1232 2484 1391 2543 ersohIel

265 2689 357 2732 sunm.
401 2671 441 2730 In
462 2670 727 2730 eeclesiastico
749 2686 825 2744 eap.
848 2669 931 2730 VIII:
959 2670 1075 2729 Initium
1098 2671 1246 2746 superbiae
1267 2671 1436 2732 hominisao

266 2759 427 2834 apostatare
450 2773 468 2814 a
490 2756 549 2815 deo.
592 2755 682 2814 Item
705 2773 778 2830 oap.
802 2755 904 2814 XIIII:
926 2755 960 2814 In
983 2756 1091 2816 duobus
1113 2757 1208 2816 tImnit
1231 2773 1391 2816 cormeum

264 2861 378 2918 nsque
406 2841 823 2918 parateumadrompheam.
867 2841 1134 2916 Inesaiaeap.
1224 2843 1392 2902 :Vaelilii

252 2930 431 2998 desertores,
455 2928 525 2986 dicit
539 2927 677 2996 dominus,
694 2929 727 2984 ut
741 2925 872 2984 faceretis
888 2927 1036 2986 eonsilium
1059 2944 1172 3001 usque
1193 2931 1226 2986 nt
1244 2927 1392 2988 adderetur

263 3017 410 3088 peecatum
443 3030 529 3088 super
560 3014 715 3086 peceatum.
758 3011 850 3070 Item
883 3029 956 3086 sap.
1045 3031 1052 3069 :
1086 3013 1123 3070 ht
1156 3014 1335 3087 egredientur
1362 3015 1393 3072 et

263 3099 400 3158 uidebunt
428 3099 565 3157 cadauera
591 3097 716 3156 uirorum
736 3115 849 3171 usque
871 3097 992 3157 uisionIs
1021 3099 1095 3156 omni
1118 3100 1205 3158 oami.
1249 3099 1291 3158 In
1318 3116 1389 3158 eze·
1404 3118 1435 3159 es

365 3298 381 3352 6
407 3297 486 3352 noer.
514 3297 555 3367 10,
583 3297 615 3351 12
638 3299 666 3350 ee
689 3297 723 3350 rs
746 3295 894 3366 (146615)
998 3297 1015 3349 4
1041 3293 1121 3352 neeri.
1148 3296 1190 3360 ne,
1218 3295 1320 3350 66-66

262 3383 341 3439 sne.
360 3384 436 3450 so,1
541 3383 572 3438 11
590 3385 634 3440 ns.
653 3385 695 3449 66,
714 3383 748 3437 24
852 3383 884 3435 m
901 3382 995 3438 nosen.
1015 3385 1055 3453 17,
1075 3384 1107 3436 15

315 3575 462 3644 2malitia]
480 3575 508 3627 tn
524 3573 628 3627 malitia
646 3573 762 3629 MVLG
854 3588 992 3627 conuersus
1011 3572 1103 3628 oosd
1195 3571 1314 3626 domnis
1330 3587 1392 3642 peo-

262 3661 318 3714 osti
344 3662 386 3717 Oe
493 3660 581 3714 serto
603 3658 759 3713 Item—In
783 3658 885 3712 duobus
898 3688 928 3700 -
942 3689 976 3698 —
989 3659 1018 3728 a.
1036 3661 1082 3727 10)
1108 3675 1185 3728 super
1207 3663 1317 3728 peecata
1338 3677 1391 3715 oon

266 3745 293 3800 V
392 3747 473 3815 dper
488 3745 605 3814 inopiam
623 3745 674 3799 So:
704 3745 794 3814 inopia
812 3746 901 3801 MLO
1001 3747 1042 3800 uit
1060 3745 1092 3814 S,
1118 3749 1146 3800 et
1163 3746 1203 3800 uir
1221 3745 1321 3801 MLOn

262 3833 385 3886 seusutus
411 3833 587 3902 sessurus
603 3835 645 3898 o):
674 3832 778 3900 sapiens
803 3831 891 3886 MLO
993 3831 1009 3886 8
1032 3832 1183 3900 rompheam
1206 3831 1304 3896 Mne,
1333 3848 1393 3884 rom

262 3919 287 3974 S
385 3918 453 3971 isaia
474 3917 514 3981 L,
542 3917 618 3986 ysaia
641 3917 664 3972 0
763 3917 803 3971 dli
827 3917 861 3971 Se
889 3917 938 3972 dlii
960 3918 1051 3974 Moe
1152 3919 1303 3986 apostatum
1326 3917 1391 3972 ML

262 4006 286 4060 0
384 4006 477 4059 enon
498 4003 596 4056 MLG:
626 4003 720 4058 6668
821 4003 853 4058 10
876 4003 1058 4072 opponendum
1081 4003 1119 4057 M
1219 4003 1251 4057 ll
1273 4004 1337 4074 illio]
1357 4005 1392 4076 *in

262 4092 338 4146 esaie
357 4091 396 4144 Μ
397 4087 471 4145 VLG
490 4089 535 4157 (is
552 4088 588 4153 L,
614 4106 657 4158 ys·
679 4089 732 4151 VO,
749 4106 795 4159 -ys
815 4089 865 4156 Vl:
952 4091 980 4144 et
1003 4095 1069 4142 anm
1092 4088 1200 4144 exibunt
1221 4104 1271 4143 om.
1299 4090 1326 4144 V

264 4177 296 4231 12
316 4169 474 4246 preusrioati
497 4174 525 4230 L
627 4175 697 4228 enim
719 4191 770 4230 om.
795 4175 822 4230 L
930 4175 963 4228 14
985 4175 1073 4230 aerbo
1096 4174 1163 4229 Item
1176 4205 1208 4214 -
1222 4175 1250 4228 si
1263 4175 1391 4230 -m-

260 4264 381 4316 domiuus
399 4277 449 4316 om.
471 4261 499 4315 V
597 4261 757 4330 eaeohislS,
787 4259 917 4314 ereehielo
936 4262 979 4330 M,
1009 4259 1167 4316 hiezechiele
1186 4261 1220 4325 L,
1250 4261 1393 4315 iereohiele
