3159 4967
273 396 338 463 584
494 397 540 450 De
558 396 685 451 diuinis
703 397 883 467 scripturis
902 400 973 454 siue
991 401 1177 468 Speculum

277 585 461 650 discedebat
498 584 537 649 de
572 585 691 667 templo
728 586 853 651 Ieiuniis
887 588 919 651 ot
952 589 1221 655 obsecrationibus
1260 590 1407 655 seruiens

276 689 368 753 nocte
399 707 435 751 ac
468 687 526 754 die.
571 688 684 753 Item:
718 690 887 755 Intendens
919 692 1025 757 autem
1054 692 1140 758 iesus
1166 692 1248 757 uidit
1272 692 1407 774 eosqui

276 790 445 856 mittebant
473 810 604 855 munera
633 812 690 856 sua
718 794 750 857 in
772 794 996 877 gazophylacio
1028 794 1153 861 diuites
1193 796 1275 859 uidit
1297 796 1408 859 autem

278 896 310 960 et
332 893 490 977 quandam
520 895 649 961 uiduam
672 897 704 960 et
729 898 953 979 pauperculam
983 899 1163 963 mittentem
1188 917 1261 963 aera
1283 898 1409 961 minuta

279 995 349 1078 duo,
382 999 413 1061 et
437 996 531 1061 dixit:
562 1018 636 1063 uere
660 999 730 1065 dico
754 1002 853 1077 uobis,
886 1003 960 1083 qnia
991 1002 1089 1067 uidua
1110 1004 1188 1067 haec
1212 1001 1411 1085 paupercula
1442 1022 1458 1061 e

278 1100 348 1183 plus
372 1100 515 1165 omnibns
536 1102 642 1167 misit:
666 1121 774 1167 omnes
797 1104 880 1167 enim
903 1105 935 1169 hi
959 1124 995 1169 ex
1019 1104 1191 1169 abundanti
1218 1104 1278 1170 sihi
1305 1104 1408 1169 misc-

278 1204 351 1268 runt
378 1202 409 1266 in
441 1203 606 1281 donadei,
637 1206 716 1269 haec
741 1206 847 1270 autem
871 1226 906 1270 ex
932 1226 967 1271 eo
991 1206 1075 1289 quod
1099 1206 1189 1272 deest
1210 1207 1258 1272 illi
1282 1226 1411 1271 omnem

279 1306 410 1383 uictum,
442 1325 535 1388 quem
562 1307 682 1386 hahuit,
713 1309 808 1373 misit.
855 1310 952 1374 Item
983 1311 1188 1393 apostolus
1213 1310 1261 1373 ad
1288 1310 1409 1373 timo-

279 1409 408 1474 theum
432 1410 463 1472 l:
497 1409 618 1475 Viduas
651 1412 777 1489 honora,
813 1431 893 1493 quae
922 1432 996 1477 uere
1028 1410 1144 1479 uiduae
1174 1414 1256 1478 sunt.
1296 1414 1322 1477 si
1346 1432 1413 1493 qua

281 1514 387 1577 autem
417 1512 515 1577 uidua
542 1512 625 1577 filios
658 1514 713 1578 aut
740 1517 871 1597 nepotes
897 1516 1002 1593 habet,
1033 1516 1137 1581 discat
1158 1515 1294 1597 primum
1316 1532 1410 1579 snam
1428 1536 1454 1574 ιο

281 1615 409 1679 domum
444 1616 494 1697 pie
531 1615 669 1681 tractare
707 1619 739 1681 et
775 1637 976 1683 remunerare
1014 1619 1181 1701 parentes:
1226 1618 1285 1682 hoo
1325 1617 1410 1681 enirn

281 1719 446 1801 accept-um
480 1718 529 1782 est
562 1737 669 1783 coram
703 1719 771 1784 deo.
811 1740 892 1803 quae
927 1721 1032 1785 autem
1067 1739 1142 1785 uere
1178 1720 1274 1785 uidua
1306 1720 1413 1783 estet
1472 1734 1476 1739 ·

282 1821 434 1897 desolata,
466 1822 572 1903 sperat
600 1822 631 1887 in
663 1822 758 1888 deum
782 1824 814 1887 et
835 1823 933 1888 instat
956 1824 1146 1889 orationibus
1171 1823 1221 1888 die
1246 1842 1282 1887 ac
1307 1824 1411 1887 nocte.

282 1943 363 2006 quae
387 1926 493 1987 autem
514 1924 546 1988 iu
562 1925 686 1991 deliciis
710 1926 785 2009 agit,
810 1926 921 1991 uiuens
943 1927 1068 1991 mortua
1083 1928 1140 1989 est.
1173 1926 1299 1989 ethaeo
1315 1944 1413 2007 prae-

283 2026 362 2108 cipe,
396 2028 433 2090 ut
468 2026 763 2109 inreprehensibiles
801 2030 871 2093 sint.
917 2030 944 2093 si
978 2047 1040 2112 qua
1078 2030 1183 2092 autem
1218 2046 1344 2093 suorum
1382 2030 1415 2092 ot
1429 2049 1453 2087 a
1565 2038 1566 2123 I

232 2248 253 2287 α
283 2237 347 2278 aser
379 2236 491 2292 usqne
524 2220 652 2279 seruiens
685 2222 765 2278 nocte
800 2237 833 2278 ac
866 2220 919 2277 die.
964 2220 1051 2278 Item
1079 2236 1151 2294 cap.
1263 2239 1269 2276 :
1305 2220 1414 2279 Sedens

284 2305 413 2365 dominus
447 2306 524 2363 iesus
559 2309 655 2364 contra
687 2306 914 2379 gazophilacium
944 2306 1100 2380 aspiciebat
1131 2304 1267 2379 quomodo
1293 2322 1414 2379 usque

284 2392 363 2451 misit
398 2394 487 2449 totum
523 2391 629 2450 uictum
666 2408 756 2449 suum.
811 2392 849 2449 In
887 2390 1051 2465 epistula
1084 2391 1124 2449 ad
1157 2391 1256 2449 thim.
1288 2392 1304 2450 1
1337 2408 1411 2466 cap.

387 2496 393 2533 :
427 2477 533 2536 Viduas
564 2478 670 2535 honora
700 2494 771 2551 quae
802 2494 866 2536 uere
893 2476 976 2536 uidae
1000 2478 1067 2535 sunt
1088 2494 1201 2550 usquo
1224 2476 1413 2535 adulentiores

233 2695 256 2753 μ
284 2669 365 2727 uions
395 2668 475 2726 nocte
506 2683 539 2724 ac
570 2666 623 2723 dio.
668 2666 754 2723 Item
785 2665 867 2723 illic
892 2682 965 2739 cap.
990 2664 1094 2725 XVIII:
1131 2664 1295 2739 Respiciens
1320 2666 1455 2724 summm

284 2754 359 2813 uidit
387 2770 445 2821 eos,
477 2753 524 2827 qni
553 2752 704 2809 mittebant
726 2767 842 2810 munera
865 2767 916 2809 sua
938 2751 968 2809 in
991 2750 1194 2824 gazofilacium,
1225 2750 1299 2809 uidit
1320 2754 1414 2808 autem

286 2842 314 2899 et
343 2839 483 2914 quandam
512 2836 628 2896 uiduam
656 2854 768 2910 usque
799 2853 908 2895 omnem
937 2836 1043 2895 uictum
1074 2854 1164 2905 suum,
1196 2854 1278 2910 quem
1303 2836 1412 2905 habuit,

286 2926 373 2985 misit.
418 2924 470 2983 Ad
498 2923 746 2981 thimoteumI
775 2940 849 2997 cap.
874 2923 928 2981 VI:
958 2922 1064 2982 Viduas
1093 2923 1199 2980 honora
1229 2939 1300 2996 quae
1331 2939 1413 2980 uerae

386 3104 483 3159 anua.
500 3106 543 3169 er,
564 3106 630 3157 1-4
732 3103 864 3159 eInm.
882 3104 906 3172 5,
924 3104 1007 3158 3-11

338 3276 354 3328 2
378 3277 472 3329 noctem
496 3290 526 3327 ac
550 3274 610 3329 diae
634 3273 669 3343 S,
699 3273 741 3327 die
760 3290 791 3328 ao
811 3276 933 3331 nocteO
1035 3276 1099 3330 item
1123 3275 1155 3344 S,
1185 3275 1250 3329 item
1273 3273 1414 3329 secundum

286 3365 372 3418 lucam
396 3360 511 3416 ΜΗΘ
610 3359 752 3413 intendens
778 3360 811 3415 S:
842 3360 983 3430 respiciens
1007 3361 1136 3416 MVLCu
1241 3360 1284 3428 qui
1307 3376 1415 3413 munera

287 3465 336 3503 sua
356 3450 385 3502 in
407 3446 561 3517 gazofilacio
584 3444 695 3515 (gared-
718 3448 748 3514 V,
771 3447 821 3501 -tio
845 3448 876 3516 0)
896 3445 1041 3499 mittebant
1065 3443 1175 3499 ΜΗΘ
1277 3444 1294 3497 8
1318 3444 1415 3497 diuites

288 3553 338 3590 om.
361 3536 398 3589 Μ
402 3534 479 3590 Vno
578 3532 732 3601 gazofilacia
757 3533 780 3588 S
879 3534 896 3584 4
920 3531 1064 3600 quasndam
1088 3530 1135 3595 Μ,
1167 3530 1298 3599 quendam
1321 3532 1348 3586 L

287 3622 394 3676 uiduam
411 3620 596 3689 pauperculam
614 3618 740 3674 MVLGo
844 3620 860 3673 6
884 3618 921 3671 hii
945 3617 1029 3672 SMV
1128 3615 1296 3671 habundanti
1313 3617 1365 3673 sihi
1383 3617 1417 3673 S:

288 3742 471 3797 habundantia
483 3756 531 3794 sna
543 3739 785 3808 (ab-mnne
871 3738 982 3791 Iamne
1000 3737 1037 3789 M
1121 3702 1248 3789 emtis
1331 3736 1416 3790 acrba

289 3844 514 3903 Item-Viduas
527 3842 603 3896 -In
617 3873 647 3883 -
660 3841 736 3897 multi
762 3842 789 3895 in
817 3840 922 3895 domino
949 3857 999 3894 om.
1028 3838 1054 3892 V
1153 3840 1297 3908 apostolus]
1324 3840 1417 3909 paulus

294 3937 316 3991 0
416 3932 532 3986 illem.
551 3929 640 3983 MLC
741 3927 773 3981 10
792 3930 880 3981 eutem
897 3926 978 3981 uidua
996 3942 1046 3981 om.
1065 3924 1149 3979 Mne
1245 3926 1356 3993 primum
1374 3925 1418 3989 Sa,

289 4023 361 4091 prius
379 4018 465 4074 Meo
574 4014 679 4069 domum
696 4030 770 4067 snam
793 4012 894 4069 MLOo
1007 4013 1037 4066 11
1063 4012 1120 4081 piae
1139 4010 1223 4065 SML
1337 4011 1368 4064 12
1390 4016 1419 4066 et

291 4132 357 4181 onte
375 4124 495 4178 desolata
513 4138 563 4175 om.
581 4121 618 4175 M
718 4118 751 4171 13
774 4117 907 4187 speretL
1011 4115 1089 4170 deum
1107 4116 1156 4170 So:
1186 4102 1250 4167 dnm
1269 4114 1353 4169 MLG

291 4214 421 4301 inata28
521 4244 564 4313 die
581 4258 613 4297 ac
630 4241 749 4309 nocteS
851 4238 883 4292 14
902 4236 1006 4293 delictis
1026 4239 1061 4293 Μ
1164 4234 1196 4287 15
1214 4235 1422 4305 inrepraehensi-

291 4333 353 4386 bilis
372 4332 432 4399 (-les
449 4332 487 4386 Μ
489 4332 521 4397 O)
539 4328 622 4385 SMG
