3159 4967
251 449 314 515 164
634 446 659 500 S.
678 445 795 499 Aureli
813 445 998 513 Augustini

249 657 309 702 non
335 637 384 701 est
405 655 456 701 me
480 635 603 718 dignus.
649 635 682 698 et
704 633 758 716 qui
780 652 841 699 non
865 635 981 717 accipit
1002 652 1129 699 crucem
1155 653 1247 698 suam
1271 635 1303 699 et
1325 652 1380 700 se-

250 741 357 825 quitur
377 761 439 818 me,
469 758 531 804 non
560 741 609 804 est
634 759 686 804 me
715 739 838 821 dignus.
884 739 937 820 qui
963 738 1084 804 inuenit
1114 739 1250 804 animam
1278 755 1380 812 suam,

249 844 362 928 perdet
390 843 495 908 illam:
529 844 562 908 et
593 842 647 925 qui
674 841 849 925 perdiderit
878 841 1015 906 animam
1043 861 1134 907 suam
1161 843 1288 924 propter
1316 859 1380 918 me,

249 949 392 1014 inueniet
414 967 494 1013 eam.
539 948 593 1030 qui
615 946 728 1028 recipit
750 965 818 1025 uos,
841 965 892 1010 me
914 945 1042 1029 recipit:
1067 947 1099 1011 et
1113 946 1167 1028 qui
1189 963 1241 1012 me
1255 944 1380 1027 recipit.

249 1052 363 1135 recipit
386 1071 458 1116 eum
480 1051 534 1133 qui
557 1069 607 1115 me
629 1049 725 1114 misit.
771 1049 825 1132 qui
853 1049 968 1132 recipit
988 1050 1174 1132 prophetam
1201 1048 1233 1114 in
1256 1048 1381 1113 nomine
1408 1077 1422 1116 a

249 1157 430 1240 prophetae,
453 1153 634 1218 mercedem
648 1153 820 1235 prophetae
844 1153 994 1236 accipiet:
1019 1155 1051 1218 et
1066 1154 1119 1236 qui
1134 1151 1247 1235 recipit
1261 1151 1382 1216 iustum

249 1261 283 1324 in
304 1259 429 1324 nomine
442 1257 529 1337 iusti,
551 1257 733 1322 mercedem
747 1256 824 1321 iusti
841 1257 984 1339 accipiet.
1018 1257 1050 1321 et
1065 1257 1256 1340 quicumque
1271 1256 1381 1338 potum

253 1362 378 1428 dederit
399 1363 453 1426 uni
475 1380 513 1426 er
535 1361 674 1426 minimis
696 1360 777 1438 istis,
807 1360 941 1426 calicem
972 1379 1072 1443 aquae
1099 1359 1234 1443 frigidae
1256 1359 1382 1423 tanturn

250 1466 429 1531 innomine
452 1463 609 1546 discipuli,
634 1481 726 1528 amen
748 1463 820 1528 dico
843 1463 943 1540 uobis,
973 1483 1034 1528 nou
1062 1462 1174 1546 perdet
1201 1461 1382 1528 mercedem

251 1588 350 1634 suam.
387 1569 436 1634 lit
457 1567 576 1650 paulo
597 1567 706 1651 post:
731 1565 788 1632 Coi
813 1567 920 1632 autem
936 1567 1071 1632 similem
1094 1566 1268 1632 aestimabo
1282 1583 1383 1647 gene·
1398 1587 1424 1628 ro

250 1673 405 1738 rationem
434 1672 551 1736 istam?
595 1671 708 1736 similis
739 1671 788 1734 est
815 1671 920 1752 pueris
950 1670 1133 1736 sedentibus
1159 1670 1192 1734 iu
1222 1669 1298 1748 foro,
1327 1667 1383 1750 qui

251 1776 426 1840 clamantes
454 1774 680 1857 coaequalibus
709 1772 833 1838 dicunt:
862 1773 1035 1838 cecinimus
1058 1773 1148 1839 uobis
1172 1774 1205 1838 et
1226 1791 1286 1837 non
1315 1771 1383 1836 sal-

251 1878 354 1953 tastis,
385 1877 631 1942 lamentauimus
654 1877 687 1940 et
708 1895 769 1940 non
792 1877 966 1958 planxistis.
1012 1876 1101 1942 uenit
1123 1877 1206 1940 enim
1228 1876 1385 1940 lohannes

252 2000 354 2064 neque
376 1980 571 2046 manducans
594 1999 695 2063 neque
718 1980 839 2058 bibens,
864 1982 897 2046 et
912 1980 1038 2046 dicunt:
1062 1979 1262 2046 daemonium
1277 1977 1383 2043 babet.

252 2085 340 2150 uenit
354 2084 438 2149 filins
453 2084 588 2149 hominis
603 2083 798 2148 manducans
814 2083 847 2148 et
861 2085 981 2163 bibens,
999 2085 1031 2150 et
1054 2084 1177 2148 dicum:
1201 2102 1276 2147 ecce
1291 2082 1385 2146 homo
1400 2101 1426 2142 rs

252 2207 350 2254 uorar
378 2189 411 2252 et
436 2186 563 2271 potator
591 2187 665 2264 uini,
694 2187 933 2269 publicanorum
963 2189 995 2254 et
1021 2189 1224 2271 peccatorum
1254 2185 1384 2250 amicus.

253 2293 287 2356 et
307 2291 480 2357 iustificata
502 2292 551 2355 est
573 2290 728 2373 sapientia
750 2290 858 2356 afiliis
874 2291 948 2357 suis.
986 2291 1033 2356 iit
1054 2292 1144 2375 post
1165 2288 1386 2374 paululum:

253 2395 366 2460 Venite
399 2395 439 2459 ad
467 2414 519 2460 me
548 2414 655 2460 omnes
684 2395 738 2476 qui
764 2394 917 2460 laboratis
945 2395 978 2460 et
1000 2395 1119 2460 onerati
1149 2395 1235 2474 estis,
1266 2395 1298 2460 et
1326 2411 1386 2476 ego

252 2497 395 2564 reficiam
412 2517 479 2564 uos.
524 2497 627 2563 tollite
643 2498 751 2581 iugum
775 2515 882 2562 meum
906 2516 1000 2579 super
1022 2517 1079 2564 uos
1099 2499 1131 2562 et
1153 2499 1265 2563 discite
1291 2515 1385 2576 ame,

254 2603 329 2685 quia
350 2602 437 2667 mitis
459 2621 530 2666 sum
553 2603 586 2666 et
606 2601 735 2666 humilis
758 2602 863 2680 corde,
894 2603 927 2666 et
947 2602 1115 2667 inuenietis
1143 2603 1285 2686 requiem
1315 2601 1386 2666 ani·
1400 2613 1428 2652 ²⁰

253 2707 366 2772 mabus
388 2705 513 2770 uestris.
558 2705 667 2788 iugum
690 2705 774 2769 enim
796 2723 902 2770 meum
926 2723 1024 2770 suauo
1047 2705 1106 2783 est,
1130 2707 1162 2770 et
1185 2724 1263 2771 onus
1278 2719 1386 2770 meum

253 2810 326 2874 leue
343 2809 399 2873 est
446 2809 545 2872 Item
568 2809 657 2890 post
680 2809 947 2891 aliquantum:
971 2807 1005 2874 Si
1028 2809 1134 2874 autem
1149 2809 1284 2888 sciretis,
1308 2808 1386 2891 quid

256 2913 320 2978 est:
342 2911 594 2978 misericordiam
624 2912 698 2977 uolo
727 2913 760 2976 et
789 2931 852 2976 non
875 2910 1076 2990 sacrificium,
1105 2931 1277 2996 numquam
1306 2931 1385 2976 con·

258 3015 468 3080 damnassetis
489 3015 681 3081 innocentes.
726 3012 773 3080 ot
802 3017 895 3098 post
914 3016 1137 3098 paululum:
1169 3016 1230 3097 Qui
1253 3035 1313 3081 non
1338 3015 1389 3080 est

255 3137 391 3197 mecum,
415 3119 525 3184 contra
547 3138 599 3184 me
622 3119 685 3184 est:
709 3120 742 3184 et
763 3119 816 3201 qui
832 3137 892 3184 non
908 3121 1082 3202 congregat
1094 3137 1231 3196 mecum,
1255 3116 1428 3201 spargine

162 3229 175 3248 ‘
258 3221 331 3291 ideo
361 3221 432 3286 dico
460 3224 566 3289 uobis:
601 3241 692 3289 omne
725 3225 894 3305 peccatum
923 3225 955 3289 et
984 3223 1180 3306 blasphemia
1206 3221 1386 3287 remittetur

257 3324 445 3402 hominibus,
480 3325 608 3407 spiritus
643 3325 749 3390 autem
782 3325 999 3409 blasphemiae
1034 3345 1094 3392 non
1120 3326 1309 3391 remittetur.
1354 3325 1388 3388 et

360 3564 507 3620 rouaeu
527 3566 569 3630 11,
589 3567 691 3622 1o-19
778 3567 865 3622 reio.
884 3567 987 3622 seeo
1073 3567 1221 3622 annaeo.
1241 3565 1282 3630 12,
1301 3567 1330 3640 2

254 3649 291 3703 aa
308 3649 341 3705 ef.
358 3649 404 3704 os.
422 3651 483 3713 ao
552 3652 700 3709 24112121
720 3654 760 3720 12,
778 3652 880 3706 ao-ar

310 3874 592 3944 letpr.]om.MUR
660 3879 808 3946 acoeprrP
874 3877 1004 3947 loquatur
1016 3877 1100 3932 M¹P¹
1169 3875 1280 3930 amem
1298 3891 1389 3931 arram

258 4011 401 4049 aeternam
418 3995 447 4049 P
511 3994 654 4051 lmuemr
672 3997 708 4052 Ρ
783 3998 817 4051 10
834 3997 985 4067 panlpluS
1073 3997 1106 4051 13
1122 3957 1280 4066 plancnrrit
1294 3958 1379 4053 Ρ

258 4116 337 4185 enim]
357 4131 452 4170 aurem
469 4117 507 4170 P¹
585 4118 709 4172 iohannis
722 4119 831 4173 1111ἈοΙ
920 4119 954 4172 14
970 4118 1042 4174 brbtc
1060 4119 1105 4172 121ι
1193 4118 1225 4170 15
1243 4133 1323 4172 uemt
1343 4123 1390 4172 eni

258 4201 284 4256 S
349 4203 382 4256 17
400 4200 608 4258 iniuircatnsG
674 4205 782 4274 paulurn
800 4205 837 4260 P¹
906 4204 1126 4260 2222122282
1196 4205 1269 4273 item]
1287 4219 1391 4258 lterum

258 4286 319 4342 ΜΟ
390 4289 461 4358 aliq]
478 4291 611 4359 pouldlum
629 4291 657 4354 S,
680 4290 815 4360 paululum
833 4308 851 4344 o
920 4291 1212 4346 aeetarremrnrur
1224 4289 1323 4344 MP¹c

257 4374 293 4428 27
310 4374 486 4445 blasphemias
507 4382 576 4447 (rus.
595 4381 618 4446 e)
637 4379 682 4442 M,
699 4376 862 4447 blasphemus
882 4377 970 4432 P²C¹o
