3159 4967
414 429 462 485 De
480 427 604 485 diuinis
623 428 799 498 seripturis
816 428 889 484 aino
905 428 1089 497 spatulum.
1250 430 1315 498 385

192 618 306 685 faniam
324 617 507 701 presbiteri:
531 618 564 682 et
584 617 710 683 timebis
732 616 894 683 dominum
915 616 1009 683 deum
1030 618 1130 684 trum
1168 637 1227 703 ogo
1243 637 1314 685 anm

194 722 337 790 deminuo
369 720 447 787 dona
475 720 591 787 uester.
637 720 734 785 Item
761 720 800 785 iu
823 718 1139 787 deuteronomio:
1162 722 1314 795 Rhome

191 825 381 910 quicumque
410 824 522 889 fecerit
549 824 582 887 in
613 823 768 907 snperbia,
794 824 832 888 nt
852 842 913 889 non
935 823 1082 890 exandiat
1105 824 1313 905 oaoordotem

193 929 246 1011 qrri
276 927 384 994 adstat
410 928 587 993 ministrare
608 927 641 991 in
663 926 787 993 nomine
811 926 929 992 domini
951 927 1003 991 dei
1023 926 1081 1006 tui,
1105 927 1313 1006 autiudicat,

166 1032 247 1114 aqui
274 1030 391 1097 tuerint
421 1030 454 1095 in
485 1029 596 1098 diebus
628 1028 702 1107 illie,
733 1028 884 1095 morietur
912 1029 1005 1094 horno
1033 1030 1099 1094 illo.
1144 1031 1242 1096 Item
1275 1032 1314 1097 in

192 1134 496 1200 eeclesiastico:
522 1132 763 1217 congregationi
785 1151 958 1215 pauperum
981 1130 1137 1198 affabilem
1159 1133 1192 1197 te
1206 1132 1313 1212 facito,

193 1236 225 1301 et
245 1237 419 1321 presbitero
441 1236 574 1303 humilia
596 1236 733 1301 animam
747 1221 846 1315 tuam',
867 1235 898 1299 et
911 1236 1060 1318 magnato
1075 1230 1207 1302 humilia
1221 1239 1317 1321 capnt

192 1341 292 1405 tuum.
336 1340 438 1407 Item
467 1340 571 1407 illio:
601 1341 638 1406 Iu
666 1340 736 1405 tota
764 1340 871 1405 anima
897 1338 955 1403 tna
981 1340 1059 1405 time
1094 1338 1253 1404 (lominum
1284 1340 1318 1404 ot

194 1441 374 1509 sacerdotes
403 1443 489 1510 illiue
517 1441 690 1508 sanctifica
729 1461 766 1506 ex
794 1442 864 1507 tota
891 1442 1008 1507 uirtute
1027 1442 1095 1506 -tua
1125 1441 1221 1531 diligo
1245 1461 1316 1507 eum

157 1562 182 1602 ιο
195 1544 249 1627 qui
270 1545 302 1611 te
324 1544 410 1623 feeit,
434 1545 466 1611 et
487 1545 647 1611 ministros
669 1544 737 1611 eine
758 1563 821 1609 non
844 1542 1052 1627 derelinquan
1090 1545 1207 1609 honora
1222 1544 1317 1609 deum

196 1666 233 1713 ox
260 1647 329 1713 tota
357 1648 463 1714 anima
490 1649 556 1727 tua,
587 1649 620 1717 et
647 1646 820 1713 honorifica
849 1645 1039 1712 eaoordotes.
1083 1646 1183 1711 Item
1211 1644 1316 1711 illio:

193 1750 241 1815 Ne
274 1750 430 1833 despicias
463 1751 672 1817 narrationem
703 1750 950 1834 presbiterorum
986 1749 1185 1832 sapientium,
1219 1750 1253 1815 et
1285 1751 1316 1815 in

194 1852 367 1935 prouerbiie
389 1852 515 1919 illorum
537 1870 740 1919 conuersata:
764 1854 804 1939 ab
826 1852 904 1935 ipsis
927 1852 1009 1918 onim
1025 1850 1129 1919 diaoea
1145 1852 1319 1919 doctrinam

195 1954 375 2021 intellectus
395 1957 428 2021 et
447 1955 566 2022 seruire
586 1957 735 2039 magnato
750 1956 818 2022 eine
833 1955 983 2040 querella
1017 1975 1078 2021 non
1092 1956 1126 2023 to
1140 1957 1319 2040 praetereat

159 2080 184 2121 ra
197 2058 333 2125 narratio
356 2059 523 2139 seniorum,
548 2060 580 2125 et
601 2060 661 2143 ipsi
685 2060 767 2126 enim
790 2058 969 2125 didioornnt
992 2059 1176 2141 epatribno.
1221 2059 1318 2125 Item

196 2300 312 2359 nomio
338 2298 455 2383 <dentr>
480 2318 553 2376 nap.
576 2302 641 2361 XL:
674 2301 730 2373 Qui
759 2304 852 2361 autern
878 2302 1047 2377 superbierit
1066 2303 1164 2363 nolano
1186 2302 1318 2363 obaudire
1349 2322 1372 2364 α

198 2386 353 2445 oaoerdotis
385 2387 533 2462 imperium
564 2403 675 2460 noque
704 2388 838 2446 moriatur
865 2389 948 2447 homo
975 2387 1033 2447 ilia.
1077 2389 1117 2447 In
1149 2389 1318 2448 eeclesia·

198 2470 290 2530 atioo
316 2488 390 2547 oap¹
413 2472 469 2532 VI:
497 2472 531 2531 In
552 2474 613 2531 tota
635 2472 728 2531 anima
749 2475 800 2533 tna
819 2473 887 2531 time
909 2473 991 2532 deum
1012 2474 1041 2532 ot
1062 2473 1221 2533 saoorioteo
1242 2474 1319 2532 illim

199 2554 353 2615 aanotifioa.
387 2558 474 2616 Itam
496 2575 569 2633 cap.
592 2556 645 2618 VI:
666 2559 710 2617 No
734 2558 873 2634 despicias
894 2559 1082 2617 narrationem
1103 2560 1321 2633 presbiterorum

160 2815 311 2873 annaque
340 2813 394 2871 ego
422 2814 485 2856 anm
507 2797 646 2856 dominns.
690 2797 731 2855 In
760 2796 1030 2856 deuteronomio
1054 2791 1157 2876 (deut)
1182 2812 1255 2871 cap.
1279 2796 1319 2855 X:
1348 2816 1373 2876 μ

199 2884 255 2955 Qui
284 2885 378 2943 antem
408 2882 576 2957 superbierit
603 2881 701 2943 nolana
730 2882 863 2941 obaudire
886 2881 1039 2942 aaoerdotia
1068 2881 1319 2957 impatiensque

199 2969 332 3028 morietur
352 2969 434 3027 homo
456 2966 512 3027 illo.
555 2967 596 3026 In
624 2967 886 3027 eooloeiaetieo
907 2984 981 3042 oap.
1004 2968 1060 3026 VI:
1090 2968 1124 3027 In
1145 2969 1206 3025 tota
1226 2967 1321 3027 anima

197 3056 251 3115 tna
278 3054 346 3113 tirno
372 3053 453 3113 deam
474 3068 586 3126 usque
607 3054 637 3111 et
657 3053 809 3113 honorifica
830 3054 998 3113 sacerdotes.
1041 3053 1129 3113 Itom
1160 3054 1319 3127 eap.V1:

199 3141 242 3199 Na
273 3139 409 3214 diapioiaa
437 3138 623 3197 narrationem
644 3139 887 3213 praesbyteromm
908 3156 1021 3213 naono
1042 3138 1099 3212 ipsi
1120 3139 1194 3199 onim
1216 3138 1319 3199 didiae·

302 3389 319 3443 2
337 3389 416 3444 Dent.
435 3388 475 3451 17,
494 3386 527 3441 12
596 3388 612 3441 6
629 3386 710 3443 Eooli.
727 3388 752 3451 4,
771 3388 786 3441 7
856 3387 873 3441 8
891 3387 969 3441 Bauli.
988 3388 1012 3451 7,
1031 3386 1264 3457 29-31(31-33)

202 3477 234 3531 12
250 3474 330 3531 Enati.
348 3475 373 3537 8,
391 3474 408 3529 8
426 3478 454 3529 et
471 3474 488 3527 9
506 3474 611 3543 19-11)

254 3712 451 3783 lpraeabiteri
477 3712 534 3769 SM
635 3726 684 3781 ego
707 3713 774 3781 aum]
798 3727 847 3781 ago
864 3736 904 3765 aa*
921 3712 957 3765 Μ
1058 3711 1209 3767 anenno
1232 3712 1321 3767 uomit

203 3816 272 3887 MV,
301 3817 541 3873 deuteronomiirO
642 3814 1106 3877 tfuerintMVbczfeearintS
1203 3815 1322 3871 onera

202 3937 265 4007 eito]
289 3936 433 3993 1111111110
457 3938 492 3991 V¹
593 3904 663 3991 racio
690 3936 713 3991 S
812 3938 828 3990 ’1
853 3936 1015 4007 pneabitero
1042 3936 1099 3993 SM
1109 3984 1115 3995 .
1198 3939 1324 4006 magnato

203 4036 311 4095 hnmflia
328 4038 379 4095 Se:
404 4042 529 4110 magnato
547 4038 623 4095 flente
641 4040 678 4093 Μ
682 4038 755 4094 Vno
853 4038 871 4093 8
888 4038 950 4109 illie]
968 4039 997 4092 in
1014 4039 1191 4094 eooleoiaatioo
1209 4038 1326 4095 mro

204 4141 257 4211 (aio
275 4140 366 4210 infra)
472 4143 504 4197 10
526 4144 554 4197 te
575 4142 641 4197 feeit
662 4140 714 4197 So:
742 4140 808 4195 feeit
829 4143 858 4195 te
881 4140 994 4196 MVLO
1094 4142 1150 4196 aina
1173 4141 1224 4197 So:
1253 4141 1323 4196 illino

204 4243 290 4298 MLO
386 4245 419 4301 la
437 4244 602 4317 dispicimS
691 4243 911 4315 praesbiteromm
927 4244 986 4301 SM
1081 4244 1114 4299 14
1131 4244 1262 4314 montolla
1279 4246 1325 4315 Μ,

205 4348 310 4417 querela
331 4348 407 4404 VLO
505 4350 533 4405 te
551 4350 699 4418 praetereat
717 4347 841 4404 MVLC:
869 4348 997 4404 tereatS

255 4448 313 4517 na
331 4453 399 4523 Aug.
416 4452 443 4519 3,
461 4464 480 4503 1.
1188 4451 1223 4505 25
