3159 4967
296 458 383 505 XLVI

341 624 405 691 Sed
427 644 487 691 non
510 626 614 695 colum
637 626 736 691 uorha
750 626 887 710 genuina
899 627 1103 692 mutauorunt
1116 628 1324 709 posteriorum
1339 630 1423 694 tom·

295 747 408 810 porum
437 729 595 806 homines,
630 748 740 794 uorum
775 730 872 795 61166
900 748 983 795 noua
1013 730 1196 797 tosh'monia
1226 731 1424 807 addiderunt

293 833 389 899 cuius
410 833 457 899 rei
481 832 620 900 dilucida
641 834 759 899 indicia
779 836 1019 918 cognoscuntur.
1041 834 1116 912 680,
1134 836 1173 903 12
1190 835 1276 920 (626,
1291 835 1335 919 6).
1352 834 1424 911 610,

300 937 349 1002 10.
373 936 513 1014 63614.
537 938 677 1017 643,Ιο
701 938 773 1017 646,
790 940 820 1005 8.
842 939 916 1015 648,
934 940 983 1005 12.
1002 938 1050 1005 16.
1073 938 1147 1014 668,
1171 940 1200 1003 7.
1225 940 1275 1004 10.
1298 938 1371 1017 669,
1395 938 1424 1003 9.

342 1110 411 1173 166
432 1110 464 1174 16
487 1111 576 1175 tanta
593 1130 698 1177 rerum
716 1113 922 1195 ambiguitate
938 1112 1107 1195 quaeritur,
1132 1131 1213 1195 quae
1229 1111 1425 1195 singulorum

300 1230 378 1294 quos
408 1231 502 1295 supra
532 1215 704 1279 memoraui
734 1214 880 1279 codicum
904 1215 945 1279 sit
969 1215 1140 1280 auctoritas
1170 1233 1273 1297 quoue
1295 1214 1424 1297 propin-

296 1315 429 1397 quitatis
460 1316 584 1383 uinoulo
613 1318 788 1383 tencantur.
829 1338 865 1384 ac
895 1319 1030 1401 primunr
1059 1317 1186 1401 quidem
1214 1317 1313 1382 codex
1336 1316 1357 1383 S
1380 1318 1426 1382 116

298 1420 499 1503 comparatus
523 1422 581 1499 661,
608 1422 644 1486 61
667 1423 698 1485 61
718 1422 970 1488 testimoniorum
993 1422 1175 1506 integritate
1199 1422 1231 1486 et
1251 1422 1424 1506 interpola-

295 1524 392 1589 tionis
425 1524 624 1590 immunitate
657 1525 788 1609 reliquis
820 1528 910 1593 libris
938 1527 1088 1609 praestet
1120 1528 1296 1591 ceterorum
1319 1526 1425 1590 antem

298 1627 445 1692 codicum
474 1629 619 1711 princeps
649 1628 838 1695 iudicandus
869 1631 918 1695 est
946 1630 981 1695 M
1005 1630 1071 1715 (uel
1092 1631 1117 1695 F
1140 1630 1328 1713 Fragmenta)
1352 1648 1425 1693 cum

292 1734 433 1815 cognato
456 1734 494 1811 V,
519 1734 666 1816 quicum
690 1734 711 1799 S
735 1734 894 1799 coniuncti
918 1734 958 1799 acl
974 1736 1176 1819 archetypum
1191 1730 1424 1797 reformandum

296 1838 376 1901 66116
397 1838 429 1901 in
452 1856 486 1902 se
509 1836 624 1902 hahere
647 1836 795 1902 uidentur
818 1837 999 1902 adiumenti.

340 1960 408 2023 lam
425 1978 462 2023 ex
479 1958 645 2042 archetypo
659 1958 757 2023 tantis
772 1959 895 2023 mendis
912 1958 1084 2041 inquinato,
1106 1955 1165 2021 tali
1184 1954 1423 2038 interpolatione

295 2060 481 2143 sdeprauato,
510 2062 559 2127 tot
586 2061 665 2126 locis
696 2062 831 2126 adaucto
864 2062 925 2127 duo
963 2062 1133 2144 apographi
1168 2057 1318 2141 descripti
1340 2056 1422 2131 6661,

299 2182 431 2246 quorum
448 2164 528 2228 altor
551 2164 711 2249 archetypi
726 2165 897 2247 imaginem
912 2164 1026 2229 melius
1042 2163 1194 2246 expressit
1210 2160 1425 2228 conseruauit-

299 2286 370 2350 quo,
395 2268 559 2332 61166166
583 2286 599 2331 e
623 2266 653 2332 S.
676 2268 859 2352 Hieronymi
882 2269 1075 2351 aliorumque
1098 2265 1295 2331 mersionibus
1320 2265 1424 2329 uaria-

298 2370 351 2435 tus
376 2390 394 2433 6
415 2370 552 2453 genuina
573 2370 646 2436 libri
669 2370 769 2435 forma
791 2372 894 2454 magis
916 2372 1081 2454 magisque
1103 2368 1245 2434 recessit.
1277 2369 1371 2452 atquo
1388 2388 1425 2433 ex

298 2472 401 2557 priore
418 2473 581 2538 descondit
598 2472 628 2553 S,
655 2492 690 2539 ox
715 2474 814 2539 altero
836 2474 962 2539 codices
980 2473 1095 2540 Gallici
1110 2470 1253 2537 FMVLG
1270 2471 1426 2536 fluxerunt

299 2594 416 2641 omnes.
455 2578 520 2643 suis
544 2567 649 2643 autem
667 2580 798 2661 uterque
815 2579 1014 2661 apographus
1030 2575 1162 2660 propriis
1177 2574 1425 2657 interpolationi-

299 2680 358 2745 bus
379 2680 520 2745 tentatus
544 2683 592 2745 661
615 2701 806 2765 quamquam
830 2682 861 2745 et
883 2699 1012 2746 numero
1037 2681 1069 2745 et
1091 2698 1205 2763 genere
1230 2678 1372 2743 diuersis.

258 2807 287 2873 ,8
341 2801 423 2865 Nam
445 2802 477 2865 in
501 2800 521 2867 S
546 2803 673 2885 quidem
695 2801 853 2868 interdum
872 2801 918 2880 61,
940 2804 976 2867 61
991 2802 1077 2868 idem
1092 2802 1316 2878 testimonium,
1341 2798 1426 2883 quod

300 2902 453 2968 intactum
478 2904 538 2969 alio
561 2904 631 2969 loco
652 2905 778 2988 legitur,
804 2906 865 2971 alio
886 2906 1110 2988 interpolatum
1131 2906 1319 2985 inueniatur,
1343 2921 1425 2986 quae

301 3006 434 3071 mutatio
464 3006 557 3071 modo
586 3007 626 3071 ad
647 3007 831 3073 uetustioris
854 3008 1018 3073 cuiusdam
1040 3008 1307 3091 interpretationis
1328 3006 1424 3071 leoti-

301 3126 391 3172 oncm
415 3109 500 3191 (374,
524 3110 657 3186 2:642,
681 3111 724 3193 8),
758 3110 852 3175 modo
887 3110 928 3175 ad
955 3110 1126 3194 Vulgatam
1158 3110 1244 3195 (394,
1269 3112 1307 3175 11
1325 3130 1333 3172 :
1349 3109 1422 3187 666,

302 3211 349 3275 12.
387 3210 460 3289 498,
484 3211 617 3290 96666,
642 3214 691 3278 21.
730 3213 803 3291 627,
827 3214 960 3292 5:533,
984 3214 1204 3296 4116616661

167 3334 251 3401 ,ΡΜ
258 3334 288 3401 V
342 3329 445 3395 Multo
478 3330 574 3395 latius
608 3330 753 3413 grassata
786 3331 835 3396 est
867 3331 1065 3415 interpolatio
1098 3332 1130 3395 in
1154 3331 1284 3398 alterius
1307 3332 1424 3400 ordinis

301 3432 478 3517 archetypo,
511 3433 564 3515 qui
593 3434 726 3516 primum
757 3434 941 3499 uetustioris
970 3434 1134 3500 cuiusdam
1157 3435 1423 3518 interpretationis

226 3539 285 3607 Lc
298 3538 450 3602 lectiones
485 3556 556 3601 cum
591 3536 709 3602 codicis
740 3536 760 3603 S
790 3538 925 3603 lectione
959 3537 1142 3604 coniunctas
1177 3540 1304 3606 exhibet
1335 3540 1425 3605 uelut

300 3641 553 3722 673‚1soayoa
587 3641 762 3722 arefaciam
792 3646 820 3705 61
847 3641 1022 3724 paludes
1051 3642 1359 3720 616660611642,
1385 3644 1425 3708 16

301 3743 345 3828 (6.
369 3742 551 3826 Hieronymi
582 3743 700 3809 0666,
729 3743 761 3807 16
784 3744 864 3826 Ea),
900 3744 1013 3809 deinde
1046 3745 1079 3808 in
1115 3744 1246 3811 alterius
1279 3746 1425 3811 lectionis

298 3848 405 3913 locum
429 3845 615 3911 substitutas
638 3846 745 3925 643,1
770 3848 892 3929 repleto
912 3852 956 3912 est
979 3852 1074 3923 terra,
1097 3848 1425 3926 6461616666616
1558 3893 1559 3900 1

300 3951 402 4015 medio
431 3952 508 4032 6166,
537 3949 606 4013 166
634 3949 804 4015 16666666
827 3949 999 4032 vulgatam
1024 3950 1112 4015 iuxta
1133 3951 1267 4033 priorem
1289 3952 1423 4035 positam

302 4053 392 4118 uelut
413 4052 528 4119 Matth.
551 4054 580 4131 8,
604 4053 646 4118 20
668 4057 929 4138 κατασκηνώσεις
949 4054 1023 4132 687,
1046 4055 1066 4118 2
1088 4056 1143 4120 uhi
1164 4056 1362 4137 requiescant
1384 4054 1423 4119 S:
1558 4057 1559 4064 ’

300 4157 393 4222 nidos
414 4156 469 4220 obi
491 4158 689 4237 6666666661
708 4155 809 4235 MVL,
841 4158 935 4223 616166
957 4157 1011 4235 (lv,
1045 4158 1178 4241 denique
1204 4159 1300 4223 etiam
1324 4159 1423 4223 solam

297 4260 459 4341 receptam
482 4260 554 4339 674,
578 4258 597 4323 8
620 4259 956 4342 661666666666166
979 4262 1073 4327 aridos
1094 4261 1242 4343 MVLCv,
1265 4260 1423 4325 interdum
1558 4269 1559 4300 1

295 4363 407 4427 66166
430 4362 532 4427 611666
554 4361 625 4427 1666
648 4362 679 4425 16
701 4363 823 4428 tortum
845 4363 1000 4447 inlapsum
1024 4363 1133 4448 609,2
1155 4365 1302 4449 11696666
1324 4364 1423 4429 habet.
1558 4349 1559 4372 ³
