3159 4967
373 449 421 503 De
439 448 565 503 diuinis
583 449 763 517 seripturis
781 449 853 502 siue
872 449 1055 518 Speculum.
1214 450 1279 518 585

152 635 288 700 maxime
312 635 556 701 domestioorum
578 654 687 700 euram
708 654 769 700 non
792 636 896 713 babet,
921 635 1016 701 fidem
1034 636 1164 720 negauit
1180 637 1212 701 et
1228 635 1277 701 est

152 737 273 803 infideli
296 738 442 803 deterior.
472 738 571 804 uidua
593 738 727 822 eligatur
742 759 803 805 non
818 739 921 803 minus
938 757 1088 803 annorum
1104 740 1277 822 sexaginta,

154 859 235 921 quae
264 840 361 905 fuerit
389 841 481 907 unius
509 842 570 905 uiri
592 859 678 918 uror,
707 841 739 905 in
763 841 908 924 operibus
930 842 1019 907 bonis
1042 843 1161 909 habens
1182 842 1277 907 testi-

154 943 303 1022 moninm,
337 944 365 1009 si
395 944 478 1009 filios
508 945 628 1022 nutriit,
663 944 690 1009 si
715 945 851 1027 bospitio
884 946 1013 1027 recepit,
1048 944 1075 1009 si
1098 946 1278 1011 sanatorum

128 1079 142 1119 ⁶
154 1047 251 1129 pedes
284 1048 374 1125 lauit,
409 1048 435 1113 si
468 1048 703 1113 tribulationem
737 1048 929 1129 patientibus
958 1047 1217 1125 subministrauit,
1252 1048 1279 1112 si

155 1168 246 1214 omne
283 1168 361 1233 opus
397 1152 513 1217 bonurn
556 1150 727 1216 subsecuta
764 1151 822 1215 est.
869 1150 1135 1215 adolescentiores
1174 1153 1280 1216 autem

156 1252 269 1319 uiduae
292 1253 409 1318 deuita
453 1255 550 1319 Item
572 1255 609 1319 in
633 1254 796 1320 aetibus
821 1254 1106 1337 apostolorum:
1131 1256 1166 1318 ln
1188 1254 1280 1336 ioppe

157 1357 262 1420 autern
285 1359 354 1421 erat
372 1358 528 1442 quaedam
550 1358 648 1423 uidua
669 1357 793 1423 nomine
815 1358 947 1435 tabitha,
972 1377 1052 1440 quae
1075 1357 1281 1439 interpretata

158 1459 272 1525 dicitnr
295 1461 416 1527 dorcas.
454 1463 532 1527 haee
557 1463 625 1527 erat
643 1462 737 1543 plena
760 1462 905 1544 operibns
926 1461 1016 1526 bonis
1041 1460 1072 1525 et
1096 1460 1281 1542 elemosynis

118 1594 144 1633 ιο
158 1564 189 1627 et
211 1563 435 1630 misericordiis
464 1564 584 1642 multis,
614 1584 692 1648 quas
721 1564 867 1629 laniabat.
905 1564 1026 1629 factum
1050 1563 1099 1629 est
1122 1563 1228 1627 autem
1249 1562 1281 1626 in

159 1665 269 1732 diebus
302 1668 376 1745 illis,
410 1670 446 1733 ut
477 1669 636 1734 infirmata
668 1670 852 1735 moreretur.
892 1688 986 1753 quam
1017 1688 1089 1733 aum
1118 1666 1281 1745 lauissent,

157 1771 329 1852 posuerunt
359 1791 428 1836 eam
457 1776 489 1836 in
512 1772 664 1854 superiori
687 1772 868 1837 eaenaeulo.
908 1792 980 1837 enm
1015 1772 1120 1835 autem
1154 1771 1281 1852 inprope

159 1874 244 1938 esset
270 1872 368 1958 lydda
397 1876 436 1939 ab
465 1874 566 1957 ioppe,
599 1874 766 1939 audierunt
789 1874 935 1957 discipuli
960 1874 1044 1957 quod
1065 1874 1173 1956 petrus
1197 1872 1284 1937 esset

158 1976 211 2041 ibi.
249 1978 403 2042 miserunt
432 1978 512 2043 duos
541 1980 626 2043 uiros
653 1978 799 2056 adeum,
829 1978 977 2061 rogantes
1001 1977 1033 2042 ot
1057 1975 1214 2041 dieentes:
1245 1994 1283 2039 ne

121 2080 266 2162 15pigeat
287 2082 320 2144 te
342 2081 450 2145 uenire
472 2101 572 2163 usque
597 2082 636 2146 ad
659 2100 724 2145 uos.
763 2099 915 2163 exurgens
940 2080 1044 2144 autem
1068 2080 1175 2163 petrus
1198 2078 1285 2142 uenit

160 2201 231 2248 cum
255 2185 316 2248 eis:
340 2203 433 2267 quem
457 2184 676 2249 aduenientem
697 2184 852 2248 duxerunt
873 2184 904 2247 in
928 2184 1089 2266 superiora
1111 2180 1283 2259 caenaenli,

161 2289 192 2350 et
215 2286 492 2352 circumsteterunt
515 2307 586 2351 eum
608 2286 724 2351 uiduae
743 2286 865 2362 flentes,
890 2286 921 2349 et
936 2284 1138 2350 ostendentes
1160 2284 1284 2348 tunicas

159 2535 253 2592 autem
285 2533 387 2593 uiduae
422 2533 524 2592 deuita.
568 2532 608 2590 In
638 2530 784 2590 actibus
817 2528 1063 2604 apostolorum
1092 2544 1165 2600 oap.

160 2619 315 2689 Quendam
348 2620 440 2678 numm
468 2618 570 2677 uiduae
599 2619 661 2676 erat
688 2616 718 2675 in
747 2632 799 2690 ope
828 2614 938 2673 nomino
970 2613 1083 2671 zabitba
1106 2628 1177 2686 quae
1200 2611 1286 2669 inter-

121 2706 318 2779 „praetatum
340 2705 443 2763 dieitur
465 2704 560 2763 dortas
582 2720 696 2777 nsque
718 2701 895 2761 erediderunt
917 2699 997 2758 multi
1019 2698 1049 2755 in
1071 2697 1192 2756 domino.

1277 2544 1284 2582 :
1316 2548 1338 2587 α

160 2943 263 3002 uiduae
285 2945 353 3001 sunt
374 2958 487 3016 usqne
510 2942 747 3001 adulescentiores
763 2941 857 2999 antem
878 2940 980 2999 uiduae
996 2939 1101 2998 donita.
1138 2940 1177 2998 In
1201 2937 1286 2996 anti·
1316 2963 1340 3022 μ

160 3030 227 3087 bns
249 3028 503 3102 apostolorum
526 3045 600 3103 oap.
624 3027 741 3087 XXVII:
771 3026 807 3085 In
836 3027 918 3101 ioppe
948 3027 1042 3084 autern
1071 3025 1126 3083 fnit
1152 3024 1289 3098 quaedam

162 3114 303 3189 discipula
323 3115 434 3172 nomine
456 3114 583 3172 thabitas
606 3130 677 3186 quae
699 3113 904 3187 interpraetata
919 3112 1021 3170 dieitur
1037 3112 1156 3170 dorobas
1177 3126 1289 3183 usque

162 3202 191 3258 et
212 3199 389 3258 crediderunt
409 3198 491 3257 multi
514 3199 543 3258 in
567 3198 688 3257 domino.

265 3434 358 3488 rna.
376 3433 401 3501 o,
419 3432 521 3487 aena

216 3657 384 3710 lmaximaa
411 3655 458 3710 SI,
571 3653 760 3723 2sa1agenta
787 3653 820 3717 S,
850 3652 896 3707 LX
923 3653 949 3707 L
1066 3650 1289 3705 tltestimonium

163 3743 264 3797 babens
282 3741 369 3797 Mne
452 3740 639 3795 inutriuitC
723 3738 1037 3794 badholesoeutioresG
1122 3738 1183 3791 lin
1198 3752 1290 3805 oppam

165 3830 188 3883 S
280 3827 416 3894 Quaedam
434 3830 522 3881 autem
539 3825 620 3880 uidua
637 3826 740 3879 eratin
758 3826 833 3893 ioppe
852 3825 958 3893 (ioppen
975 3823 1019 3890 Μ)
1036 3820 1122 3877 MLO
1217 3821 1291 3875 aaa

163 3915 240 3969 bithu
257 3915 304 3983 M,
332 3914 439 3968 thabita
463 3914 534 3967 SLG
635 3913 828 3981 interpraetata
845 3910 878 3973 S,
908 3910 1110 3978 interpretatum
1128 3908 1292 3977 (interpraet-

165 4000 230 4070 ΜΟ)
252 4000 342 4055 MLC
443 3998 633 4053 9elemosinie
656 3997 721 4067 (ael
745 3997 788 4065 Μ)
812 3996 900 4051 Mne
1004 3994 1035 4045 10
1059 3994 1086 4047 et
1108 3992 1292 4047 miserioordiis

165 4138 216 4176 om.
234 4122 335 4177 mnne
433 4118 465 4173 12
483 4118 650 4173 eunome
732 4117 841 4184 inprope
859 4115 897 4169 n:
927 4129 1006 4182 prope
1025 4112 1104 4167 suro
1200 4112 1233 4165 rs
1251 4084 1293 4164 at

166 4208 189 4263 S
287 4207 362 4261 lidda
385 4206 432 4261 SL
536 4203 570 4257 ab
587 4204 683 4272 ioppen
702 4207 813 4272 lyoppen
834 4200 865 4270 0)
886 4200 1003 4264 SMLO,
1033 4198 1068 4252 ad
1090 4198 1224 4267 ioppanv

167 4295 200 4349 14
225 4295 378 4362 miseruntq;
404 4292 451 4345 Μ’
556 4290 588 4343 15
615 4304 755 4357 exsurgens
782 4288 873 4343 MLG
979 4285 1011 4340 16
1039 4284 1156 4338 oenaouli
1183 4282 1227 4339 SO

168 4382 199 4434 17
217 4380 330 4447 tunicas]
351 4378 417 4432 add.
437 4380 466 4431 et
482 4375 592 4447 palliola
609 4375 685 4442 ML,
715 4374 781 4428 add.
803 4374 830 4427 et
847 4374 935 4426 uestes
953 4374 981 4426 et
999 4370 1107 4440 palliola
1128 4370 1150 4426 O
