3159 4967
354 474 402 529 De
420 472 549 528 diuinis
567 474 750 544 scripturis
767 474 840 529 siue
857 474 1037 544 Speculum.
1194 474 1259 541 655

131 665 240 731 uidete
275 664 378 731 malos
415 664 583 749 operarios,
620 662 727 730 uidete
761 662 1043 730 circumcisionem.
1087 664 1188 731 Item
1219 662 1259 729 in

127 768 379 855 apocalypsi:
412 768 510 833 Foras
543 785 638 833 canes
668 766 700 831 et
728 765 866 832 malefici
896 766 929 831 et
951 766 1088 832 adulteri
1112 766 1145 833 et
1164 765 1260 833 idolis

127 871 315 939 seruientes.

616 1073 776 1159 clini.

84 1274 104 1315 δ
183 1274 269 1328 'Qvon
291 1273 399 1316 DOMVS
421 1272 482 1315 VEL
503 1272 658 1314 numm
679 1270 770 1313 110Μο
792 1270 861 1313 mn
881 1270 1007 1312 1)de
1027 1270 1205 1315 mmmm.

165 1386 218 1450 'Iu
250 1384 439 1451 leuitico:
474 1382 509 1449 Si
542 1382 648 1448 autem
681 1382 796 1448 lterum
827 1382 1044 1466 superuenerit
1071 1384 1199 1449 macula
1229 1386 1261 1449 et

127 1488 203 1553 orta
234 1486 330 1553 luerit
359 1487 392 1552 iu
426 1485 563 1564 domum,
597 1484 763 1568 postquam
799 1484 899 1549 cuolsi
931 1484 1048 1551 mount
1074 1485 1199 1569 lapidee
1229 1489 1262 1552 et

126 1591 299 1675 ¹postquam
331 1608 404 1656 rasa
436 1588 530 1655 tuerit
560 1588 672 1653 domus
702 1589 735 1654 et
758 1590 928 1673 postquam
951 1587 1105 1654 defricata
1128 1590 1186 1669 est,
1209 1591 1261 1656 in-

132 1692 242 1759 troibit
270 1692 419 1759 sacerdos
450 1691 482 1757 et
512 1690 646 1757 uidebit:
677 1694 705 1759 ei
735 1691 848 1757 diffusa
875 1693 924 1758 est
945 1691 1072 1757 macula
1092 1690 1208 1776 lapidis
1229 1694 1262 1758 in

92 1814 122 1855 ro
135 1795 273 1875 domum,
308 1797 340 1861 et
372 1812 578 1879 perseuerans
608 1794 658 1860 est
689 1795 721 1860 in
756 1814 794 1860 ea
828 1794 931 1873 domo,
961 1794 1115 1861 inmunda
1137 1798 1194 1862 est
1230 1798 1264 1863 et

135 1898 305 1966 demolient
333 1900 435 1983 ipsam
466 1899 605 1977 domum,
636 1898 668 1964 et
697 1899 865 1964 materiem
896 1898 963 1964 eins
986 1897 1019 1962 et
1047 1897 1170 1981 lapides
1193 1899 1261 1965 eius

135 2002 168 2067 et
189 2021 313 2069 omnem
335 2002 499 2085 puluerem
522 2001 633 2067 domus
657 2001 772 2068 eicient
797 2001 882 2067 foras
903 2000 1068 2066 ciuitatem
1095 2002 1128 2067 in
1156 2003 1263 2068 locum

132 2106 328 2171 inmundum.
373 2106 473 2171 Item
502 2104 540 2170 in
562 2105 803 2188 prouerbiis:
833 2104 953 2170 Domus
975 2107 1180 2188 superborum
1204 2106 1263 2171 dc-

137 2208 238 2274 struet
259 2208 413 2273 dominns.
457 2209 556 2272 Item
578 2206 688 2271 illic:
712 2206 773 2289 Qui
797 2206 895 2271 altam
916 2207 994 2272 facit
1011 2206 1139 2273 domum
1162 2228 1263 2289 snam,

96 2325 124 2367 1⁶
137 2310 261 2393 quaerit
295 2310 427 2375 ruinam.
483 2309 584 2373 Item
620 2307 730 2373 illic:
768 2308 849 2375 (lum
885 2309 1041 2393 sapientia
1078 2310 1264 2378 aedificatur

138 2411 259 2489 domus,
283 2411 315 2476 ct
337 2430 409 2476 cum
431 2407 596 2475 intellectu
620 2408 761 2492 erigitur.
796 2427 869 2475 cum
892 2429 986 2475 seusu
1006 2411 1166 2501 inplentur
1187 2415 1264 2479 hor·

137 2531 193 2601 rea
220 2513 314 2597 plena
343 2514 486 2579 omuibus
516 2512 636 2578 diuitiis
658 2511 805 2595 pretiosis
829 2512 861 2577 et
881 2512 981 2578 bonis.
1026 2514 1125 2579 Item
1154 2515 1263 2580 illic:

137 2616 295 2699 Praepera
323 2616 355 2681 in
382 2616 466 2681 exitu
489 2615 670 2698 operatua,
702 2614 734 2680 et
755 2633 943 2699 praeparare
963 2615 997 2680 iu
1020 2634 1106 2699 agro,
1138 2618 1171 2683 et
1191 2619 1265 2684 ueni

138 2720 223 2786 rotro
251 2739 314 2798 me,
345 2720 377 2784 et
407 2719 590 2785 aedificabis
621 2719 748 2785 domum
769 2720 868 2784 tuam.
913 2720 1012 2783 Item
1034 2719 1072 2784 in
1096 2721 1265 2788 ecclosi-

94 2846 127 2889 ao
142 2820 284 2889 astico:
320 2821 381 2904 Qui
411 2822 560 2887 aedificat
590 2822 717 2888 domum
748 2840 838 2887 suam
863 2821 1019 2906 inpendiis
1042 2822 1153 2888 alienis
1175 2824 1266 2907 quasi

141 2925 195 3010 qui
229 2924 352 3008 colligit
383 2924 506 3008 lapidos
540 2946 613 2992 snos
645 2926 678 2990 in
709 2926 824 2992 hieme.
868 2926 970 2991 Item
999 2925 1108 2990 illic:
1142 2926 1176 2993 Si
1205 2946 1266 2993 non

140 3030 286 3095 timorem
315 3027 433 3094 domiui
459 3029 599 3094 tenueris
628 3028 792 3106 instantor,
826 3027 890 3092 cito
919 3028 1120 3093 subuertetur
1153 3029 1266 3096 domus

139 3130 204 3196 tua
249 3132 348 3198 Item
376 3132 481 3197 illic:
508 3130 579 3197 Non
602 3150 726 3197 omnem
748 3130 905 3196 homiuem
928 3129 1061 3196 inducas
1082 3132 1115 3196 in
1137 3132 1266 3202 domum

141 3233 245 3299 tuam:
278 3235 398 3301 multae
432 3234 515 3299 enim
549 3235 622 3299 eunt
653 3232 787 3299 insidiae
822 3231 931 3298 dolosi.
985 3233 1085 3299 Item
1117 3234 1156 3299 in
1188 3236 1267 3301 iob:

95 3357 130 3398 :ss
141 3334 302 3419 Numquid
330 3357 391 3404 uon
413 3338 494 3404 sciet
515 3336 600 3420 quod
620 3354 706 3403 more
728 3336 871 3401 conteret
893 3335 1021 3400 domum
1041 3336 1211 3417 terrenam,
1235 3338 1267 3404 et

143 3456 233 3502 omno
264 3439 348 3522 quod
371 3440 420 3504 est
440 3437 574 3504 mortale
606 3437 818 3504 dissoluetur?
861 3437 962 3503 ltem
989 3440 1028 3504 iu
1056 3440 1267 3506 hieremia:

144 3538 170 3605 Ο
193 3540 247 3623 qui
277 3539 426 3605 aedificat
455 3540 581 3607 domum
611 3560 700 3606 suam
730 3558 791 3605 non
814 3557 888 3604 cum
908 3539 1031 3606 iustitia
1054 3542 1086 3607 et
1108 3543 1268 3627 superiora

245 3759 473 3832 repensam
576 3764 674 3819 6Leu
694 3764 734 3829 14,
752 3762 855 3817 48-45
960 3764 992 3818 la
1009 3764 1086 3819 Prou
1105 3764 1147 3829 15,
1166 3764 1199 3819 25

145 3848 179 3901 14
201 3846 338 3911 Procli,
357 3848 390 3903 16
494 3850 527 3903 15
550 3848 721 3919 Ρῐοιι.24,3
827 3850 860 3905 18
879 3848 915 3905 ib.
934 3850 968 3904 27
1071 3850 1107 3905 20
1128 3850 1208 3907 llccli
1225 3850 1270 3915 21,

144 3931 217 4003 8(s)
319 3934 352 3988 21
375 3934 521 4005 11111127,
544 3935 617 4006 3(4)
721 3936 755 3990 23
777 3935 859 3993 Eceli.
884 3937 925 4003 11,
948 3936 982 3992 29
1002 3936 1057 4004 (31)
1157 3937 1270 3993 25111.

143 4017 188 4085 30,
207 4018 241 4073 22
258 4019 293 4089 (11
309 4020 369 4077 Gor.
387 4021 412 4084 5.
432 4022 456 4089 1)
559 4021 593 4077 27
610 4021 683 4079 Hier.
701 4022 744 4088 22,
763 4022 798 4080 lo

197 4223 211 4277 l
230 4224 451 4279 circumcisionem
469 4224 501 4295 S,
528 4227 566 4294 cf.
585 4229 644 4291 513,
663 4230 683 4283 8
784 4226 802 4280 2
824 4228 969 4298 apocalipsi
987 4228 1011 4284 S
1108 4230 1125 4283 d
1147 4229 1271 4285 lcuuitico

143 4308 170 4365 ,S
268 4308 422 4364 Bintroiuit
441 4310 464 4366 S
559 4312 575 4366 9
593 4310 672 4366 diffue
690 4314 731 4368 eet
749 4311 774 4368 S
866 4312 968 4383 lapides
986 4314 1011 4369 S
1109 4314 1142 4369 13
1158 4314 1271 4371 (11111111

140 4393 171 4449 8
264 4395 296 4449 17
314 4396 435 4467 pretiosis
453 4396 477 4453 8
570 4398 603 4452 18
619 4398 723 4453 ueniret
740 4414 813 4467 rome
831 4398 854 4455 S
947 4398 982 4455 26
997 4399 1123 4467 hieremia
1141 4401 1164 4457 S
