3159 4967
1174 448 1300 495 xnvnu

170 618 208 684 ut
237 616 312 701 qnid
341 618 400 681 boc
430 614 507 679 mihi
536 613 607 679 loco
636 614 826 693 faciendum,
857 615 933 698 quid
962 635 1022 681 non
1044 616 1223 683 iaciendum
1247 622 1298 700 sit,

169 740 271 805 paene
304 721 454 804 ignorem.
494 717 657 783 declarant
689 718 871 783 testimonia
905 720 1052 785 sexcenta
1085 740 1156 786 cnm
1186 724 1299 807 Augu-

171 826 315 893 stinisnie
338 824 464 903 collata,
489 842 506 889 e
529 822 643 905 quibus
665 840 762 888 unum
784 822 880 887 lando
897 824 936 889 ab
953 824 1037 889 omni
1058 824 1298 909 interpolatione

168 931 275 995 tutnrn
296 930 388 993 Prou.
407 928 438 1005 9,
456 926 496 992 18
515 926 721 1011 Reccdeerpo
736 926 776 991 eb
792 947 879 1008 aquo
893 927 1005 992 alicua
1105 930 1195 995 cuins
1218 951 1299 1015 quae

170 1033 266 1099 inerit
279 1030 510 1115 Augustiniena
532 1029 632 1094 forma
648 1047 741 1112 supra
764 1028 933 1094 didicimus
943 1031 979 1111 ¹),
1000 1029 1142 1096 declarat
1164 1034 1300 1116 epistula
1343 1106 1346 1110 ,

170 1138 212 1202 01
233 1134 446 1200 laodicenses
470 1154 486 1199 e
508 1152 627 1198 canone
658 1132 689 1198 S.
713 1134 883 1216 Augustini
906 1135 1031 1199 seclusa
1054 1135 1166 1219 (doctr.
1190 1138 1297 1202 christ.

169 1241 248 1319 2,8,
266 1240 330 1321 13),
355 1236 498 1302 declarat
520 1236 596 1301 ordo
620 1236 786 1319 euangelia
810 1237 1013 1302 enumerandi
1037 1238 1104 1303 aS.
1121 1238 1298 1322 Augustino

169 1344 326 1409 refutatus
360 1340 413 1425 (de
448 1358 601 1406 consensu
636 1340 778 1423 euangel.
807 1341 832 1418 I,
856 1341 886 1418 2,
909 1341 954 1423 3),
989 1339 1132 1406 declarat
1165 1342 1299 1426 denique

170 1466 281 1512 uersus
310 1445 364 1510 ille
395 1446 410 1508 Ι
434 1445 499 1509 101.
523 1443 553 1519 5,
578 1443 596 1506 7
620 1442 809 1525 quibusdam
839 1442 918 1508 loeis
948 1444 1002 1510 ubi
1033 1464 1104 1509 eum
1134 1444 1298 1512 laudatum

170 1550 334 1633 exspectes
364 1548 395 1613 S.
419 1546 595 1631 Augustino
624 1546 760 1629 ignotus.
800 1546 832 1611 et
860 1546 1000 1629 proiecto
1022 1547 1059 1611 ut
1079 1548 1161 1612 hunc
1184 1548 1299 1614 librum

170 1674 189 1719 a
219 1654 249 1719 S.
274 1653 451 1736 Augustino
480 1650 659 1715 confectum
689 1652 807 1733 putem,
838 1652 962 1716 tanturn
986 1651 1085 1728 abest,
1116 1653 1152 1715 ut
1175 1653 1213 1716 ab
1239 1652 1298 1717 ad-

167 1758 379 1823 uersariorum
402 1754 544 1838 partibus
567 1754 651 1819 stare
675 1755 836 1819 auctorem
858 1755 998 1836 potuisse
1016 1754 1072 1819 eut
1085 1753 1171 1819 certe
1187 1772 1297 1819 sacra-

166 1880 238 1926 rum
269 1860 494 1942 scripturarum
524 1858 633 1922 codice
658 1876 676 1921 a
699 1856 729 1922 S.
754 1857 932 1939 Augustino
962 1876 1021 1922 non
1052 1858 1182 1940 probato
1206 1878 1299 1924 usum

169 1982 238 2029 csse
262 1948 418 2028 censeam.
452 1980 523 2025 nem
549 1960 588 2025 de
611 1960 790 2025 testimonio
813 1959 869 2026 illo
893 1979 930 2024 er
952 1960 1049 2025 110011.
1073 1961 1126 2039 34,
1146 1960 1189 2026 30
1212 1962 1299 2045 opti·

167 2084 291 2133 morum
313 2065 458 2131 codicum
481 2083 635 2131 consensu
658 2064 702 2129 sic
725 2063 874 2129 laudato:
898 2064 1009 2142 5913
1034 2066 1098 2148 Qui
1112 2066 1297 2147 baptisatur

168 2192 190 2235 u
211 2174 333 2235 mortuo
356 2168 435 2250 quid
452 2168 582 2251 preficit
604 2167 728 2233 lauatio
752 2168 845 2233 mus?
867 2168 1024 2236 0000421
1049 2167 1080 2233 8.
1101 2169 1297 2253 Augustinus

169 2272 268 2357 (Retr.
292 2271 381 2353 121,
404 2270 438 2352 3)
462 2271 541 2335 haec
566 2270 662 2335 dicit:
699 2271 764 2337 Nec
796 2271 835 2337 de
868 2272 946 2337 libro
978 2272 1198 2338 Ecclesiastici
1231 2275 1298 2355 ipsc

171 2375 346 2459 (Donatus)
371 2374 505 2439 abstulit
524 2376 561 2441 de
583 2374 690 2439 medic
709 2378 865 2441 sententie
879 2375 976 2441 uerba
998 2375 1048 2440 ud
1068 2396 1147 2441 rem
1169 2395 1297 2442 ueces-

167 2480 297 2561 00110,
327 2478 383 2543 ubi
404 2498 476 2544 cum
497 2478 653 2559 scriptum
674 2479 733 2545 sit:
768 2481 851 2561 ,Qui
871 2480 1055 2562 baptizatur
1076 2501 1099 2544 c
1119 2484 1245 2546 mortuo
1268 2485 1300 2547 ct

166 2583 282 2647 iterum
315 2582 422 2663 tempii
453 2580 558 2665 illum,
593 2581 671 2663 quid
699 2583 832 2663 proficit
863 2581 987 2647 lauatio
1014 2582 1124 2648 ciusi‘
1164 2584 1221 2648 istc
1251 2585 1299 2649 sic

162 2685 272 2766 posuit
301 2690 468 2766 laurguom
496 2685 653 2767 scriptum
675 2689 768 2749 asset:
808 2686 891 2768 ‚Qui
912 2685 1094 2766 baptisatur
1116 2707 1139 2749 0
1160 2690 1295 2762 mortuo,

167 2787 245 2870 puid
271 2788 404 2871 proficit
438 2788 561 2853 lauatio
593 2788 703 2853 01006ί
740 2807 800 2853 uos
831 2793 937 2853 cutem
959 2793 988 2853 ct
1011 2792 1184 2870 autequam
1218 2794 1299 2854 essct

165 2910 245 2971 pers
272 2890 399 2957 Donati
433 2892 479 2955 sic
510 2890 657 2957 babuisse
690 2892 810 2958 codices
836 2891 1010 2974 plurimos,
1043 2913 1158 2957 uerum
1191 2897 1298 2958 tcmcu

167 2994 275 3075 Afros,
297 2999 335 3059 ut
355 3014 422 3061 ueu
444 2999 522 3059 essct
541 2996 579 3060 iu
600 2996 701 3060 medio
728 3000 774 3071 „et
788 2995 906 3059 iterum
921 2995 1167 3079 tranquillum,
1185 3000 1298 3078 postca

166 3096 348 3163 didicimus.
386 3098 470 3180 puori
495 3098 525 3163 si
548 3102 624 3163 tuuc
646 3098 782 3181 scissem,
807 3117 871 3162 uon
892 3097 931 3162 iu
952 3098 1049 3162 istum
1072 3102 1238 3180 tamquam
1260 3100 1297 3164 iu

164 3202 270 3283 furem
292 3200 402 3267 elium-i
424 3200 541 3282 eloquii
562 3200 614 3266 uel
634 3200 824 3265 uiolatorum
841 3205 936 3265 toute
950 3201 1114 3268 dixissem.
1138 3200 1177 3265 ct
1194 3202 1293 3284 Epist

168 3302 240 3379 108,
263 3302 293 3367 6.
319 3303 390 3377 113,
414 3304 443 3369 8.
469 3302 590 3387 (Migne
613 3302 665 3382 32,
689 3303 761 3369 618.
786 3305 838 3383 33,
862 3305 935 3371 408.
961 3305 1048 3389 756.)

211 3422 299 3503 Quae
323 3424 427 3489 omnio
450 3442 511 3506 quo
533 3423 648 3488 melius
665 3427 846 3507 appareant,
865 3425 1017 3508 peculiari
1031 3445 1082 3490 me
1098 3429 1295 3492 commenta·

165 3526 261 3605 tione,
298 3545 361 3609 qna
396 3525 491 3592 etiam
523 3525 646 3591 indices
675 3528 893 3611 congerentur,
928 3528 1056 3594 uberius
1084 3531 1297 3598 tractaturum

166 3648 268 3712 spero.

208 3750 321 3815 Restat
349 3750 386 3814 ut
414 3750 535 3833 gratim
566 3768 659 3834 egam
685 3752 830 3817 omnibns
852 3753 974 3837 opellae
996 3774 1088 3820 meae
1110 3756 1295 3835 fautoribus,

164 3852 300 3935 primurn
315 3851 393 3917 uiris
406 3852 630 3919 illustrissimis
650 3854 703 3937 qui
720 3854 752 3920 in
767 3856 902 3921 materia
917 3858 1115 3940 congerenda
1129 3858 1207 3923 mibi
1222 3878 1295 3925 snc-

164 3972 290 4019 cnrrere
305 3954 482 4035 uoluerunt,
499 3958 742 4041 Arebiepiscopo
757 3958 927 4025 Nicaeensi
940 3962 972 4025 et
981 3960 1099 4028 Nuntio
1111 3962 1294 4046 Apostoliee

166 4057 338 4140 Seraphino
360 4060 612 4138 Vannutelli,
636 4062 791 4145 Episcopo
810 4064 969 4130 Aniciensi
991 4064 1208 4145 Lebreton,
1232 4066 1295 4134 Co·

165 4160 236 4225 miti
264 4160 302 4225 de
326 4161 616 4242 Ashburnbam,
647 4165 830 4231 ministeriis
857 4167 1002 4249 publicis,
1032 4167 1294 4235 bibliothecarum

268 4366 287 4431 ¹]
310 4364 341 4421 ci.
359 4382 419 4437 psg.
439 4366 520 4421 xvn.
540 4370 568 4422 et
584 4369 627 4436 49,
647 4370 679 4422 10
697 4372 725 4423 et
741 4370 802 4435 590,
821 4371 845 4425 5.

215 4466 271 4531 ΧΗ,
292 4469 358 4539 Aug.
378 4472 438 4541 3,1.
1174 4478 1192 4531 d
