3159 4967
389 472 435 526 Do
453 472 583 530 diuinis
601 478 785 548 scripturis
803 478 875 532 siuo
893 476 1076 546 Speculum.
1236 480 1298 547 627

166 666 252 730 soros
286 682 438 743 osssmus,
471 666 609 734 christus
641 685 699 751 pro
732 667 822 733 uobis
844 684 958 751 possus
985 668 1043 746 ost,
1073 667 1174 734 multo
1196 670 1299 753 magis

167 786 248 832 nuuo
278 768 475 834 rsoonoih'oii
502 768 536 834 iu
565 771 719 855 sanguiue
745 770 845 855 ipsius
868 769 950 836 salui
973 770 1089 836 erimus
1113 772 1153 837 ab
1174 772 1222 839 ira
1243 792 1300 856 por

166 870 280 954 ipsum.
320 872 346 937 si
371 872 452 938 onim
476 888 549 937 oum
570 872 690 939 inimici
711 870 868 951 'essemus
891 872 1087 938 reconciliati
1106 893 1217 942 sumus
1241 874 1300 941 dso

166 992 224 1059 por
250 976 386 1042 moriem
415 975 461 1040 fili
492 976 570 1055 sius,
600 975 702 1041 multo
730 976 835 1059 magis
855 976 1053 1042 reconsiliati
1076 976 1157 1043 salui
1182 976 1299 1043 erimus

140 1078 199 1143 sin
221 1077 290 1143 uita
310 1076 419 1161 ipsius.
457 1080 558 1145 Iiom
579 1078 689 1145 illio:
711 1079 761 1144 Au
783 1078 946 1163 ignoratis,
970 1079 1093 1153 fratres,
1118 1079 1204 1164 quod
1226 1080 1298 1164 qui-

166 1197 302 1264 cumque
336 1181 489 1266 baptizoti
522 1200 631 1249 sumus
663 1182 696 1248 iu
709 1180 837 1248 ‘christo
870 1182 939 1248 iesu
973 1182 1005 1247 iu
1034 1184 1170 1249 moriem
1199 1184 1299 1268 ipsius

166 1284 317 1367 bopiu'zaiu'
340 1290 473 1351 sumus?
497 1304 571 1370 orgo
594 1306 668 1353 oum
689 1286 744 1353 illo
768 1284 885 1369 sepulti
907 1304 1017 1353 sumus
1031 1305 1088 1371 por
1106 1287 1299 1370 baptismum

165 1386 197 1452 iu
228 1388 373 1467 mortem,
403 1389 440 1453 ut
468 1389 626 1472 quomodo
648 1388 786 1455 christus
809 1389 944 1455 surrexit
967 1410 1004 1455 ox
1026 1390 1170 1470 mortuis,
1197 1391 1245 1456 its
1267 1392 1299 1457 oi

166 1509 223 1556 uos
252 1492 284 1556 iu
315 1491 455 1557 nouitate
484 1492 571 1558 uitae
602 1492 810 1560 ambulemus.
849 1493 875 1558 si
900 1494 982 1559 enim
1005 1493 1198 1578 conpluuiati
1221 1493 1298 1560 iooti

128 1625 154 1666 ro
167 1613 275 1662 sumus
299 1596 497 1661 simssiiudini
519 1597 631 1663 mortis
649 1598 726 1676 sius,
751 1595 846 1663 simul
861 1598 893 1663 st
907 1596 1148 1663 resurrectionis
1164 1597 1298 1663 orimus:

166 1700 303 1765 soiouios
326 1700 400 1782 quio
420 1700 514 1765 uetus
535 1701 629 1766 homo
651 1699 759 1766 nostor
781 1699 876 1767 simul
899 1700 1069 1765 crucifixus
1093 1700 1150 1777 ost,
1180 1700 1216 1764 ui
1239 1700 1298 1765 do-

166 1802 308 1868 struatur
330 1819 443 1884 oorpus
463 1802 599 1885 peccati,
621 1802 658 1867 ut
679 1801 765 1867 ultro
787 1821 846 1868 uon
871 1802 1046 1867 seruismus
1067 1804 1216 1887 poooaio:
1245 1803 1298 1886 qui

166 1905 249 1971 ouim
270 1906 413 1971 mortuus
436 1906 494 1983 est,
517 1904 709 1973 iustificatus
733 1905 819 1971 osta
841 1906 984 1989 poooato.
1016 1905 1043 1972 si
1059 1906 1166 1972 autom
1181 1906 1298 1972 moriui

165 2023 275 2080 sumus
296 2027 370 2074 oum
392 2009 520 2086 christo,
543 2009 703 2074 oredimus
725 2008 800 2091 quis
822 2007 919 2075 otiam
939 2009 1034 2075 simul
1056 2009 1202 2077 uiusmus
1224 2030 1298 2075 oum

126 2138 152 2179 rs
167 2130 219 2177 so:
243 2112 380 2177 scientos
403 2111 486 2195 quod
509 2112 647 2179 christus
670 2131 802 2195 surgons
819 2131 856 2176 ox
871 2112 1004 2178 mortuis
1026 2112 1091 2178 ium
1113 2132 1175 2178 nou
1196 2112 1297 2177 mori-

165 2216 228 2294 tur,
250 2233 335 2280 mors
358 2215 389 2279 iu
414 2234 485 2279 sum
506 2216 571 2280 ium
593 2234 654 2281 uon
678 2214 899 2280 dominabitur.
935 2214 1020 2300 quod
1050 2216 1133 2280 suim
1155 2216 1298 2282 mortuus

167 2319 226 2397 ost,
248 2318 380 2401 poooaio
402 2318 545 2383 mortuus
568 2316 618 2381 ost
639 2316 754 2381 semol:
778 2316 863 2399 quod
879 2317 985 2383 sutem
1007 2316 1098 2394 uiuit,
1122 2316 1204 2382 uiuit
1228 2316 1296 2383 deo.

165 2420 212 2486 ita
246 2422 278 2485 ot
309 2440 367 2487 uos
401 2421 578 2487 existimato
611 2439 669 2486 uos
701 2421 843 2485 mortuos
875 2438 944 2487 esso
974 2420 1117 2503 peccato,
1152 2419 1297 2485 uiuentes

166 2525 273 2590 sutem
308 2523 366 2591 deo
399 2524 431 2591 iu
463 2524 582 2591 christo
613 2524 691 2591 issu
735 2524 837 2589 Item
869 2523 975 2589 illio:
1009 2523 1111 2607 Igitur
1140 2541 1201 2606 ogo
1229 2523 1297 2607 ipso

125 2627 272 2693 omento
302 2626 405 2692 soruio
433 2626 499 2709 logi
529 2626 591 2702 dei,
618 2642 714 2692 curuo
737 2626 844 2691 ouium
866 2625 931 2709 logi
953 2625 1086 2709 pooosii
1120 2624 1200 2690 uiiril
1219 2640 1296 2708 orgo

165 2860 279 2919 usquo
309 2845 468 2905 existimato
496 2861 548 2905 uos
577 2846 705 2904 mortuus
726 2861 790 2905 osso
811 2847 936 2920 poooaio,
959 2845 1056 2904 uiuoro
1078 2846 1173 2903 suiom
1194 2844 1245 2903 doo
1267 2844 1298 2902 in
1329 2871 1350 2911 a

165 2931 271 2991 christo
292 2931 365 2991 issu.
408 2933 498 2991 Iism
520 2947 592 3007 cap.
608 2932 719 2992 XVIII:
741 2930 836 3005 Igiiur
850 2948 903 3006 ogo
925 2932 988 3006 ipso
1010 2932 1102 2989 monis
1124 2930 1217 2989 soruio
1237 2929 1297 3003 logi

164 3149 325 3220 peccatores
360 3161 497 3217 essemus,
531 3161 647 3220 usquo
680 3145 839 3206 oxisiimato
868 3162 920 3205 uos
949 3146 1076 3205 mortuos
1098 3143 1211 3219 quidem
1233 3160 1296 3205 osso
1324 3173 1349 3231 μ

164 3233 289 3305 pooosto,
312 3231 443 3291 uiuoutos
466 3232 559 3290 autem
582 3229 633 3290 doo
655 3232 685 3290 in
709 3231 815 3291 christo
837 3231 909 3291 iosu.
952 3230 1043 3290 Item
1066 3230 1114 3289 sd¹
1129 3246 1295 3291 romanos

124 3332 241 3391 ssosp.
264 3316 346 3377 vm:
378 3317 473 3391 Igitur
502 3333 556 3391 ogo
585 3317 648 3392 ipso
677 3318 769 3376 monio
800 3318 892 3377 soruio
921 3316 980 3392 logi
1011 3316 1065 3389 dei,
1096 3333 1180 3378 carno
1203 3316 1296 3375 autom

163 3402 222 3476 logi
254 3402 364 3477 psoosti
396 3419 510 3480 usquo
542 3402 677 3462 liborauii
704 3421 749 3463 ms
771 3420 790 3461 s
816 3402 881 3477 logo
910 3402 1020 3479 psooati
1043 3404 1071 3461 st
1092 3402 1200 3462 mortis.
1245 3402 1296 3461 Ad

265 3607 524 3674 nomos-11
628 3607 1150 3674 19R0m7‚250t120m.s,1es2

214 3804 228 3859 1
252 3821 346 3877 possus
369 3804 404 3860 δε
432 3809 549 3860 mortuus
573 3807 679 3862 MLOo
782 3806 917 3861 isuluui
933 3808 1000 3874 (ras.
1020 3806 1104 3871 ωδ
1204 3807 1221 3858 4
1246 3806 1295 3861 filii

161 3889 214 3945 LO
298 3888 639 3948 51temi11ioom.MLo
722 3886 843 3961 quoio:
872 3892 995 3961 quonism
1012 3892 1104 3961 MLO,
1131 3891 1226 3961 quius

161 3978 178 4030 6
204 3977 233 4029 in
255 3978 367 4030 moriem
394 3976 482 4038 suo
499 3976 547 4030 τὸν
563 3979 710 4047 ossuum:
738 3977 767 4032 in
792 3980 876 4033 morte
900 3976 1002 4032 MLGo
1106 3976 1121 4030 7
1149 3976 1295 4047 consepulti

162 4062 232 4115 enim
251 4078 339 4115 sumus
356 4078 415 4115 oum
432 4062 478 4116 illo
503 4062 609 4119 mov
712 4063 729 4119 8
751 4080 783 4119 ex
806 4064 839 4119 S:
869 4059 1010 4118 s'MLCo
1112 4062 1129 4117 9
1152 4062 1220 4117 isoti
1242 4078 1292 4117 om.

161 4148 252 4203 mo
353 4147 387 4201 15
405 4163 436 4201 ex
454 4148 504 4203 So:
533 4150 657 4206 assio
759 4150 792 4203 16
811 4151 839 4204 in
858 4149 988 4203 eumiam
1006 4148 1039 4204 S:
1069 4149 1182 4203 siultrs
1200 4146 1292 4213 MLO.

160 4232 201 4289 ilii
218 4233 322 4288 ulirso
425 4231 458 4287 18
482 4234 620 4288 sxstimoto
645 4236 689 4305 M,
720 4235 875 4305 euostimoto
899 4235 925 4290 L
1028 4232 1150 4288 uiuentes
1174 4233 1224 4289 So:
1253 4236 1293 4288 ui-

161 4332 222 4373 uere
246 4318 333 4375 MLO
448 4319 481 4374 19
505 4318 539 4374 sd
562 4336 684 4375 romanos
708 4320 796 4375 MLO
907 4318 1022 4377 Obsecro
1035 4316 1209 4389 -Igitur-
1224 4318 1293 4390 (duo

162 4406 325 4463 testimonia
342 4405 457 4462 iooerso
474 4407 586 4475 ordisse)
606 4407 632 4462 L
737 4422 799 4475 ergo
818 4406 856 4460 M
956 4404 990 4459 20
1009 4405 1099 4475 ogoS

1133 4508 1190 4561 40*
