3159 4967
401 424 449 479 De
467 423 598 479 diuinis
615 424 795 494 scripturis
813 424 886 481 siue
904 424 1085 495 Speculum.
1247 426 1311 493 547

182 616 225 680 ab
246 631 326 680 anno
347 616 380 681 in
395 632 521 680 annum.
551 612 662 679 adores
678 612 819 679 decimas
833 612 932 680 tritici
946 614 993 679 tui
1010 614 1042 679 et
1057 614 1122 681 uini
1136 615 1185 682 tui
1200 617 1232 683 ct
1248 616 1309 683 olei

180 717 231 782 tui
246 717 279 782 et
292 718 454 801 primitius
463 719 558 783 boum
569 717 696 782 tuorum
711 717 746 781 et
759 717 867 783 ouium
880 716 1017 796 tuarum,
1032 718 1069 783 nt
1081 718 1186 801 discas
1196 720 1309 786 timere

184 820 345 887 dominum
367 820 463 886 deum
483 820 575 887 tuum
597 820 741 886 omnibus
762 820 874 886 diebus
888 820 975 886 uitae
990 822 1074 888 tuae.
1104 823 1146 889 Et
1163 824 1307 909 <ueniet>

181 923 308 1003 leuitas,
326 923 400 1007 qnia
421 943 482 989 non
506 924 555 989 est
575 922 640 989 iilis
661 920 763 1005 portio
777 920 889 1006 neque'
904 940 971 989 sors
992 924 1108 1005 tecum,
1132 926 1165 990 et
1187 924 1311 992 aduena

157 1027 217 1103 set
238 1026 364 1092 orianus
386 1026 419 1091 ct
439 1026 547 1105 uidua,
576 1044 657 1110 quae
681 1026 730 1091 est
755 1026 788 1091 in
802 1026 995 1092 ciuitatibus
1017 1027 1091 1107 tuis,
1119 1028 1152 1094 et
1172 1028 1309 1095 mandu-

182 1129 302 1194 cabunt
323 1129 357 1193 et
377 1129 584 1194 satiabuntur.
620 1128 653 1194 et
672 1128 842 1195 benedicet
862 1128 895 1194 te
914 1127 1059 1195 dominus
1083 1131 1161 1197 deus
1181 1132 1256 1198 tuus
1277 1133 1309 1198 in

184 1234 328 1298 omnibus
342 1233 489 1315 operibus
501 1232 576 1311 tuis,
601 1250 820 1316 quaecumque
842 1230 951 1299 facies.
995 1234 1096 1299 Item
1117 1234 1218 1300 tobi:
1240 1236 1308 1319 Ego

181 1336 269 1402 dium
295 1335 327 1401 in
349 1334 540 1401 hierusulem
566 1336 599 1401 in
627 1334 740 1403 diebm
762 1334 864 1415 festis,
896 1353 1027 1401 seruans
1050 1336 1134 1419 quod
1157 1338 1309 1421 scriptum

184 1439 234 1504 est
253 1438 323 1504 fieri
345 1438 488 1522 oportere
511 1440 551 1504 ab
574 1438 658 1504 omni
678 1438 805 1504 israhel.
840 1439 874 1503 et
903 1437 1084 1505 custodiens
1105 1442 1309 1523 praeceptum

145 1560 172 1599 ιο
183 1541 407 1625 sempiternum
430 1541 637 1607 constitutum
660 1560 679 1607 a
701 1540 771 1621 deo,
793 1541 949 1624 primitiae
972 1542 1004 1607 et
1020 1541 1159 1608 decimes
1176 1544 1310 1609 armenti
1346 1584 1350 1593 -

90 1709 94 1713 ,
184 1646 219 1710 ot
236 1664 386 1729 pecorum
402 1644 435 1710 et
455 1645 547 1710 initia
562 1645 711 1710 tonsurae
727 1644 834 1711 ouium
848 1664 991 1711 mearum
1004 1646 1170 1729 portabam
1184 1666 1311 1713 mecum

185 1750 218 1815 et
250 1750 366 1815 dabam
398 1748 616 1814 sacerdotibus
652 1748 727 1814 filiis
761 1766 866 1814 aaron.
913 1748 945 1813 et
981 1749 1155 1839 secundum
1189 1770 1311 1816 merem

184 1853 266 1937 legis
289 1852 328 1917 de
349 1853 457 1918 tritico
473 1851 506 1916 et
521 1852 595 1917 uino
612 1852 644 1915 et
658 1851 729 1917 oleo
752 1852 785 1916 et
805 1851 876 1917 ficis
899 1854 932 1918 et
953 1851 1131 1919 ceterorum
1152 1852 1310 1919 fructuum

185 1956 353 2040 primitiuis
375 1955 556 2022 deferebam
576 1954 685 2020 lenitis
708 1954 740 2019 et
762 1954 906 2020 omnibns
922 1954 1076 2039 quotquot
1092 1955 1314 2022 ministrabant

147 2059 218 2125 rain
239 2059 431 2125 hierusalem
454 2058 590 2136 domino,
614 2058 647 2123 et
669 2056 843 2121 secuudum
862 2056 968 2140 legem
988 2057 1216 2147 decimationis
1229 2060 1313 2146 quod

188 2161 433 2228 conmuteudum
467 2161 535 2226 erat
574 2158 807 2237 conmutatum,
846 2160 878 2223 et
910 2162 1142 2245 congregabem
1175 2163 1313 2246 pretium

184 2264 420 2349 redemptorum
446 2283 502 2347 per
531 2262 723 2341 sexennium,
754 2261 786 2326 et
807 2262 919 2345 postea
939 2262 1025 2329 ibam
1048 2264 1081 2329 et
1102 2264 1312 2349 conputabem

185 2492 282 2553 lenite.
325 2495 364 2554 In
392 2493 470 2554 tobi
492 2509 564 2567 cap.
675 2509 683 2550 ε
716 2492 779 2566 Ego
807 2491 883 2551 ibam
910 2492 941 2550 in
963 2482 1136 2551 biernsalem
1163 2508 1315 2567 nsquea
1346 2508 1367 2549 a

187 2719 301 2777 tuarum
329 2733 402 2791 quae
428 2716 539 2776 deceris.
583 2702 826 2791 In-tobi'cap.
850 2714 881 2775 1:
914 2713 971 2773 Hic
995 2714 1073 2774 solus
1095 2698 1227 2789 fng'iebat
1247 2730 1312 2774 con·
1344 2730 1368 2791 μ

149 2803 279 2865 aosortia
291 2802 416 2862 omnium
435 2818 548 2877 usque
568 2800 744 2870 ministraret
757 2816 867 2892 ornnem
881 2800 1103 2861 decimationem
1136 2800 1178 2860 In
1201 2816 1316 2875 aggeo

291 3010 307 3062 r
328 3008 392 3065 nou.
411 3008 435 3077 1,
454 3008 521 3063 e-s

240 3205 255 3259 l
276 3205 368 3260 afferes
385 3205 419 3261 S:
447 3204 540 3260 offeres
557 3203 672 3259 FMLO
771 3202 790 3255 2
812 3202 910 3257 bouum
933 3203 972 3258 M
1069 3206 1176 3259 tuorum
1191 3204 1313 3273 FMM,

188 3324 335 3380 tuarumS
418 3297 492 3379 di'ceue
509 3322 539 3389 S,
567 3321 653 3376 disca·
675 3320 722 3376 M¹
781 3337 788 3355 ·
814 3320 940 3376 Suenict
957 3321 1089 3391 suppleat
1173 3322 1317 3380 dlcuuitis

190 3412 223 3481 S,
252 3410 342 3465 lenitis
362 3409 477 3465 FMLO
578 3408 595 3461 5
617 3408 749 3478 orphanus
769 3408 820 3464 Lo
923 3410 950 3462 et
966 3408 1047 3463 uidua
1064 3423 1115 3465 om.
1133 3408 1251 3465 FMLG

189 3496 234 3566 qui
259 3496 314 3551 Le
414 3496 430 3548 7
456 3493 523 3564 tobi]
549 3495 585 3561 cf.
608 3494 871 3565 iuterpretatiooem
891 3510 1021 3565 praecem
1043 3494 1082 3549 od
1105 3494 1187 3561 Mon
1210 3494 1316 3551 codicis

188 3581 533 3652 morico-Aequom
660 3580 677 3634 8
703 3579 843 3634 scribtum·
857 3578 908 3636 SF
1031 3580 1048 3633 9
1074 3572 1192 3650 oporteri¹
1214 3580 1251 3635 M

188 3666 299 3723 istrahel
317 3669 396 3735 (rosa
411 3668 434 3733 t)
452 3665 476 3720 S
568 3664 602 3718 10
619 3665 724 3735 argenti
743 3663 877 3721 sn'MLG
893 3664 939 3735 (τὰ
956 3665 1188 3734 πρωτογενήματα
1204 3664 1318 3727 καὶτὰς

188 3752 305 3812 δεκάτας
320 3756 377 3804 τῶν
392 3756 501 3819 κτηνῶν
516 3750 563 3805 καὶ
578 3751 629 3811 τὰς
644 3750 853 3820 πρωτοκουρίας
869 3756 926 3802 τῶν
942 3750 1100 3821 προβάτων)
1144 3744 1148 3750 ’
1171 3744 1173 3751 ’
1197 3749 1228 3807 11
1247 3767 1318 3806 mea

188 3838 255 3908 rum]
278 3834 346 3891 odd.
364 3838 393 3889 ct
413 3836 442 3890 L
543 3835 577 3889 12
600 3838 665 3890 aron
689 3834 714 3890 S
812 3834 846 3889 13
868 3838 897 3889 ct
920 3834 977 3889 oleo
1000 3834 1126 3899 FMLG,
1153 3850 1204 3891 ooo.
1229 3835 1252 3890 S
1362 3860 1365 3869 ·

188 3924 246 3979 iicis
270 3922 298 3989 S,
327 3923 380 3978 dou
400 3922 517 3978 FMLO
616 3922 649 3976 14
668 3921 701 3976 de
718 3922 860 3992 primitiuis
876 3921 993 3977 FMLO
1092 3920 1209 3977 deseram
1229 3922 1253 3977 S

188 4009 295 4065 leuuitis
321 4008 345 4063 S
446 4008 585 4080 quodquod
612 4008 665 4064 SF
751 4007 804 4061 ‘15
831 4006 973 4077 secuudum
1001 4006 1024 4063 S
1123 3998 1317 4079 decimationis]

190 4094 377 4149 dominationis
404 4092 541 4149 SFMLO
652 4094 686 4148 16
713 4092 924 4163 cotmutandum
950 4098 977 4147 et
1003 4092 1197 4147 commutabam
1221 4094 1253 4148 F
1265 4086 1266 4091 '

188 4180 319 4250 praetium
337 4179 397 4234 SM
496 4178 528 4233 17
546 4178 719 4248 redeltomm
736 4178 768 4233 F
810 4181 814 4187 ’
866 4178 1017 4233 sexennium
1035 4178 1078 4246 Μ,
1108 4178 1273 4233 semennimn
1290 4178 1321 4234 F

189 4265 248 4330 Lo,
274 4281 320 4321 sex
337 4266 456 4319 sennium
474 4265 503 4330 S,
529 4266 562 4319 ia
578 4280 667 4336 scorp.
683 4280 731 4335 per
749 4280 794 4319 sex
812 4266 875 4319 anni
893 4264 960 4320 odd.
978 4282 1012 4319 m.
1031 4266 1051 4319 2
1147 4264 1221 4319 ibmn
1238 4264 1265 4335 (b
1282 4280 1318 4320 eo:

188 4368 291 4407 rcorr.
308 4368 342 4405 m.
360 4353 390 4419 2)
407 4350 431 4407 S
531 4350 710 4421 conputabam
727 4350 757 4416 Β,
785 4352 935 4422 computato
954 4352 1040 4423 (conp
1057 4352 1094 4420 L)
1110 4351 1225 4409 FMLG

1160 4454 1216 4509 35}
