3159 4967
1186 468 1287 518 nvn

158 648 202 709 ut
225 642 373 709 omittunt
393 642 462 709 rell
486 642 526 709 de
549 642 740 725 repetendae
755 641 983 707 coniunctionis
1004 658 1065 705 usu
1087 638 1217 719 11306,
1236 641 1285 706 12.

159 746 300 824 429,15.
326 747 440 813 Hurtel
461 746 493 811 in
515 745 631 811 Archiv
654 745 702 811 111
721 744 971 828 Lexikograplrie
993 742 1122 821 11149.
1150 744 1286 824 Kaulen,

156 848 335 915 Handbuch
359 850 415 915 der
436 848 584 931 Vulgata.
608 868 637 931 p.
661 849 734 915 258.

204 984 357 1052 Codicum
388 984 504 1052 MPGR
535 985 720 1071 archetypus
752 984 928 1071 singulares
956 985 1035 1051 duos
1056 986 1144 1051 locos
1165 982 1285 1064 habuit,

160 1110 240 1173 quos
273 1091 436 1172 tamquam
469 1108 588 1172 pannos
623 1108 659 1153 ex
693 1088 926 1154 commentariis
961 1088 992 1154 S.
1025 1088 1209 1173 Hieronymi
1243 1088 1265 1171 ('

160 1192 289 1259 Esaiam
324 1192 356 1257 et
387 1192 581 1257 Hieremiam
614 1193 796 1275 prophetas)
828 1192 944 1275 petitos
974 1192 1117 1257 asciola
1152 1191 1287 1275 quodam

161 1295 338 1379 explicandi
362 1312 459 1360 causa
480 1294 512 1360 in
534 1294 675 1378 margine
698 1295 834 1378 primum
851 1294 1018 1377 appositos,
1041 1294 1234 1377 portantem
1256 1294 1288 1358 in

161 1399 328 1465 uerborum
358 1398 564 1481 genuinorum
592 1398 832 1464 continuitatem
855 1416 931 1462 casu
953 1397 1094 1479 inlapsos
1115 1416 1206 1463 nemo
1231 1398 1290 1462 erit

162 1504 237 1585 quin
259 1502 387 1567 iudicet.
422 1520 494 1565 nam
518 1500 602 1585 qnod
625 1504 676 1580 88,
702 1502 740 1567 17
766 1502 806 1566 ad
827 1501 1043 1566 testimoninm
1067 1500 1106 1564 de
1129 1500 1181 1565 Es.
1204 1500 1235 1579 5,
1259 1502 1288 1565 8.

163 1605 304 1671 additum
340 1606 398 1682 est,
434 1604 516 1686 apud
547 1606 772 1689 Hieronymum
806 1605 838 1669 in
872 1604 1026 1682 11125
1057 1603 1105 1667 ita
1138 1602 1289 1685 seriptum

161 1708 295 1791 legitur:
318 1707 386 1773 Pro
408 1728 441 1772 eo
464 1709 546 1790 quod
567 1728 624 1772 uos
642 1708 784 1773 disarius
810 1727 925 1791 ,usque
945 1709 990 1773 act
1012 1707 1184 1772 terminum
1206 1706 1285 1771 loci‘

161 1810 264 1877 LXX
291 1812 526 1889 transtulerunt
552 1815 607 1885 ,ut
634 1812 796 1893 auferatis
817 1814 1000 1895 proximo‘,
1032 1809 1242 1893 Symmachus
1261 1813 1292 1875 et

166 1914 336 1979 modetia
370 1914 483 1989 ,donec
508 1914 653 1996 deficiat·
679 1914 730 1979 uei
755 1933 839 1990 ,uam
860 1916 902 1979 sit
924 1914 1041 1993 uua«,
1070 1918 1107 1979 ut
1128 1914 1290 1996 defluente

164 2020 251 2081 terra
264 2035 467 2099 nequaquam
481 2020 645 2081 saturetur
658 2018 806 2081 auaritia
822 2015 943 2100 (Migne
959 2017 1011 2094 24,
1024 2017 1091 2098 80),
1108 2018 1142 2081 et
1156 2016 1290 2081 alterum

164 2119 250 2201 qnod
271 2118 324 2196 91,
350 2120 390 2183 14
413 2118 453 2183 ad
475 2120 575 2185 uerba
596 2138 660 2184 uou
681 2119 850 2185 ulciscaur
870 2138 988 2185 uiuum
1008 2121 1105 2185 mea?
1136 2120 1235 2204 (Hier.
1259 2121 1289 2198 5,

163 2222 220 2304 29)
246 2220 390 2299 adicitur,
412 2222 464 2287 lic
486 2225 628 2305 reponit:
651 2224 925 2306 supradixerat.
950 2271 957 2285 .
982 2271 990 2286 .
1013 2223 1045 2287 in
1061 2222 1093 2288 S.
1108 2222 1291 2307 Hieronymi

165 2326 286 2391 comm.
300 2325 332 2390 in
346 2324 486 2391 Hieram.
503 2326 533 2403 2,
550 2327 571 2391 5
585 2326 632 2390 ita
647 2326 826 2392 exhibetur:
853 2364 912 2403 ,—
928 2328 1006 2408 quiet
1022 2346 1093 2411 erpo
1105 2326 1233 2409 facietis
1253 2326 1291 2391 iu

163 2430 358 2495 1111111111ἰ
389 2432 457 2494 siue
487 2434 576 2512 ,post
595 2429 721 2497 laem?
753 2431 1020 2513 suprauiueret:
1054 2430 1120 2507 ,250
1143 2430 1186 2495 ari
1208 2430 1291 2513 opti·

163 2536 265 2597 matos
286 2534 316 2596 et
336 2531 449 2612 loquar
467 2532 538 2597 cis?
557 2534 699 2616 forsitan
721 2535 787 2615 ipsi
808 2539 1025 2616 coposuerunt
1044 2535 1135 2598 uiam
1157 2534 1291 2619 domiui,

165 2640 197 2700 at
216 2654 282 2700 eece
302 2634 336 2698 lu·
357 2636 462 2719 mapis
485 2637 612 2718 pariter
635 2637 861 2719 coufreperuut
886 2638 1007 2720 iugum,
1037 2638 1291 2719 1111111111-

164 2738 269 2806 mato‘.
306 2758 393 2804 nuuc
414 2738 562 2805 describit
583 2742 639 2821 qui
659 2741 728 2805 siut
749 2742 925 2825 optimates,
951 2740 1129 2823 propinatae
1146 2738 1294 2805 uiridicet

164 2845 195 2906 et
215 2840 402 2907 sacerdotes:
436 2862 572 2924 qaorum
605 2842 665 2909 otii
697 2843 811 2925 futura
840 2843 1046 2927 praedicunt,
1082 2843 1143 2908 atii
1163 2862 1202 2908 cc
1229 2841 1294 2924 tepe

165 2944 316 3028 facienda
337 2944 517 3010 decmuuut.
555 2950 584 3011 et
605 2966 679 3030 eece,
702 2946 818 3028 iuquit
845 2947 914 3013 iilis
935 2946 1137 3013 medactum
1156 2944 1292 3029 prophe-

167 3048 309 3113 tantibus
338 3049 510 3115 sacerdotes
539 3050 688 3114 manibus
717 3048 960 3131 applauserunt.
997 3049 1294 3115 amomacum

165 3172 221 3219 nee
237 3151 378 3234 populus
393 3153 539 3217 11111111
554 3152 651 3233 culpo
673 3152 728 3235 qui
746 3174 768 3215 a
790 3152 908 3219 totilam
929 3152 1115 3239 abducatur,
1139 3152 1293 3234 seriptum

166 3259 227 3321 est:
254 3258 299 3331 ,et
316 3252 457 3337 populus
478 3274 565 3319 maes
586 3255 702 3321 ditarit
723 3254 843 3321 talio⁸t
865 3256 1025 3338 quondam
1040 3276 1138 3337 meus,
1160 3255 1214 3320 sect
1236 3253 1292 3339 (al.

167 3359 210 3441 et)
239 3361 410 3441 postquam
442 3358 557 3424 dilexit
588 3357 680 3445 talia,
713 3378 802 3425 meus
827 3378 892 3425 esse
920 3358 1049 3427 desiuit.
1085 3360 1162 3443 quiet
1193 3359 1295 3441 igitur

165 3462 303 3546 facient,
346 3481 418 3527 cum
453 3462 666 3527 nouissimam
703 3462 821 3529 iudicii
860 3467 984 3545 ternpus
1024 3462 1193 3529 admuerit
1226 3461 1295 3527 siue

166 3563 368 3647 captuaitatis
395 3565 588 3653 mcessitas?
621 3565 706 3634 uude
733 3570 844 3647 stupor
866 3569 895 3631 et
916 3566 1083 3630 mirabilia
1104 3569 1188 3649 suut,
1212 3564 1296 3647 quoa

167 3688 226 3735 uec
246 3670 285 3735 im
303 3669 516 3752 principibus,
539 3688 595 3735 uec
616 3670 654 3733 iu
674 3669 795 3753 populo
818 3670 969 3734 iuuentus
989 3670 1033 3733 sit
1053 3670 1110 3752 qui
1124 3671 1209 3733 recta
1223 3686 1294 3733 sem·

168 3774 251 3838 tirat.
277 3772 398 3857 (Migne
420 3772 473 3851 24,
497 3772 559 3837 120
575 3774 646 3855 11.).
686 3772 780 3857 atque
803 3770 899 3838 simili
919 3771 1014 3837 morio
1036 3771 1112 3836 nata
1126 3771 1199 3837 aunt
1214 3788 1295 3854 quae

167 3875 317 3959 leguntur
349 3875 401 3957 86,
432 3874 473 3940 15
506 3874 657 3960 lepitima's
690 3875 854 3941 hareditas
877 3874 968 3958 (Mal.
990 3876 1022 3954 3,
1046 3877 1080 3957 1)
1104 3873 1137 3938 et
1157 3873 1230 3952 211,
1255 3873 1293 3937 11

167 3979 346 4063 tempestati
370 3983 438 4064 (pro
458 3976 572 4059 stauai
593 3979 658 4043 Iac.
684 3979 712 4057 l,
736 3978 781 4060 6).

213 4165 389 4252 Singularis
412 4166 543 4233 alterins
563 4165 703 4233 familiae
728 4165 822 4231 testis
843 4164 948 4233 exstat
968 4165 1070 4234 codex
1089 4164 1128 4242 S,
1159 4166 1214 4249 qui
1236 4164 1296 4231 etsi
1320 4164 1351 4234 δ’

168 4270 313 4357 plurimis
341 4270 422 4338 locis
452 4270 565 4352 quibus
596 4269 650 4335 alii
680 4268 808 4337 codices
829 4268 942 4335 intecti
964 4267 1039 4333 sunt
1061 4267 1102 4332 ad
1124 4268 1296 4352 rugatam

169 4376 312 4443 mutatus
339 4375 387 4441 eet
411 4380 451 4459 (a.
475 4392 504 4457 g.
530 4375 559 4453 1,
585 4375 612 4439 1.
638 4374 689 4453 14,
711 4374 741 4441 3.
764 4373 815 4437 24
839 4374 891 4451 25,
914 4374 944 4438 9.
967 4372 1019 4437 24.
1040 4372 1094 4449 26,
1116 4371 1147 4436 9.
1173 4372 1222 4437 11.
1245 4371 1297 4449 28,
