3159 4967
393 450 439 504 Da
457 449 586 504 diuinis
604 450 787 520 seripturis
805 452 877 505 siue
895 452 1072 537 Speculum.
1234 452 1300 519 415

172 640 352 706 altissimus.
397 640 499 705 Item
529 640 744 706 seeundum
772 641 917 705 lusam:
945 641 987 706 nt
1009 640 1198 707 uitiosus:
1226 640 1299 726 quis

170 744 312 808 uestrum
333 742 463 809 habebit
486 742 622 807 amioum
646 743 678 807 et
696 743 758 808 itit
773 743 815 808 ad
828 744 919 809 illum
932 744 1041 809 media
1055 745 1148 811 noete
1164 745 1197 809 et
1211 744 1298 809 lieet

169 846 233 911 illi=
257 846 368 925 umiae,
390 844 559 911 eommoda
579 845 657 910 mihi
680 846 746 911 tres
768 866 875 929 panes,
900 847 1047 929 quoniam
1070 848 1191 913 amiens
1204 858 1297 912 meus

168 948 257 1013 uenit
286 948 326 1013 ad
353 968 404 1014 me
433 949 472 1014 de
501 948 555 1013 uia
585 949 618 1013 et
643 967 705 1014 non
730 950 833 1016 habeo
856 949 939 1032 quod
961 968 1076 1033 ponam
1099 952 1171 1015 aute
1193 950 1295 1016 illum

143 1051 202 1117 eet
227 1052 282 1117 ille
310 1052 395 1118 intus
423 1051 616 1135 respondens
639 1050 740 1116 dieet:
766 1052 832 1117 noli
852 1052 931 1117 mihi
951 1053 1106 1119 molestus
1128 1069 1207 1132 esse,
1229 1053 1295 1117 iam

169 1154 251 1219 enim
281 1156 397 1220 ostium
419 1155 563 1221 elausum
587 1156 644 1234 est,
675 1156 707 1219 et
726 1156 818 1238 pueri
838 1156 872 1220 in
894 1156 1039 1221 eubieulo
1062 1175 1188 1222 meeum
1210 1156 1293 1235 sunt,

167 1276 227 1323 uon
255 1276 383 1341 possum
414 1276 543 1341 surgere
572 1259 604 1322 ot
633 1258 709 1323 dare
736 1258 805 1323 tibi.
843 1259 876 1323 et
902 1258 957 1323 ille
987 1259 1014 1324 si
1043 1259 1295 1343 perseuerauerit

167 1360 306 1443 pulsans,
330 1360 401 1426 dieo
424 1361 524 1439 uobis,
549 1360 582 1426 et
598 1362 625 1426 si
640 1380 701 1427 non
718 1361 807 1427 dabit
825 1362 855 1426 ei
870 1379 1003 1444 surgens
1019 1362 1156 1446 eoquod
1172 1354 1295 1427 amiens

169 1464 236 1529 eius
255 1464 312 1543 est,
336 1465 462 1547 propter
483 1464 718 1546 improbitatem
743 1464 850 1529 nutem
873 1464 941 1530 eius
964 1467 1073 1548 surget
1095 1468 1128 1531 et
1144 1466 1233 1533 11111111
1246 1466 1294 1531 illi

129 1596 155 1634 ιο
168 1567 302 1650 quantos
333 1566 500 1633 desiderat
539 1585 598 1651 ego
619 1568 711 1636 uobis
735 1567 823 1633 dieo:
849 1569 958 1651 petite,
984 1571 1017 1633 et
1039 1569 1165 1635 debitur
1187 1570 1293 1635 uobis:

169 1671 319 1753 quaerite,
355 1672 387 1736 et
418 1671 602 1739 inuenietis:
635 1672 771 1757 pulsate,
803 1673 836 1737 et
865 1674 1022 1756 aperietur
1054 1674 1154 1739 uobis.
1192 1673 1294 1738 omnis

168 1773 251 1839 enim
285 1774 338 1856 qui
370 1774 450 1857 polit
484 1774 610 1857 accipit,
640 1775 674 1839 et
702 1774 756 1858 qui
786 1776 911 1858 quaerit
932 1776 1063 1854 inuenit,
1093 1776 1126 1840 et
1153 1775 1293 1859 pulsanti

168 1875 334 1957 aperietur.
380 1878 480 1943 Item
502 1877 611 1941 illie:
635 1876 776 1960 Vigilate
797 1879 907 1960 itaque
928 1879 961 1943 in
984 1879 1241 1961 omnitempore,
1257 1879 1295 1943 nt

167 1978 254 2061 (ligni
285 1980 465 2045 habeamini
500 1978 629 2065 attingite
661 1980 725 2046 ista
758 1983 863 2047 omnia
895 2000 977 2065 quae
1009 1981 1117 2047 futura
1144 1982 1226 2060 sunt,
1262 1982 1295 2045 et

129 2082 292 2147 instabitis
330 2083 402 2147 ante
439 2082 539 2147 filium
576 2083 719 2148 hominis.
775 2085 876 2149 Item
914 2086 960 2150 ad
996 2085 1292 2169 philippenses:

165 2184 317 2251 Dominus
350 2186 382 2250 in
410 2186 551 2269 proximo
582 2186 646 2251 est:
680 2186 758 2253 nihil
793 2187 922 2253 solliciti
948 2188 1027 2268 sitis,
1062 2188 1119 2254 sel
1146 2189 1178 2253 in
1209 2188 1292 2253 omni

166 2396 403 2457 inobleetatione
422 2398 601 2472 suscipietur.
645 2398 685 2457 In
707 2398 1033 2474 euangeliolueae
1056 2414 1129 2472 oap.
1228 2399 1293 2457 :st
1324 2424 1348 2465 α

167 2483 209 2541 ait
229 2482 323 2541 iesus:
347 2483 395 2557 qui
417 2485 542 2543 uestrum
563 2484 650 2544 habet
671 2484 792 2543 amioum
813 2502 926 2559 usque
949 2487 977 2543 et
998 2484 1124 2558 pulsanti
1140 2485 1290 2558 aperietur.

166 2569 254 2628 Item
284 2586 357 2642 eap.
454 2587 461 2625 :
495 2568 622 2643 Vigilate
650 2569 746 2643 itaque
775 2569 806 2627 in
835 2570 911 2629 omni
934 2571 1067 2644 tempore.
1111 2568 1292 2644 111111111-

126 2669 297 2729 ,epenses
328 2670 399 2728 esp.
495 2673 502 2711 :
531 2654 669 2715 Dominus
692 2654 722 2712 in
743 2654 869 2731 proximo
899 2657 960 2714 est:
985 2655 1057 2714 nihil
1080 2654 1194 2713 solliciti
1216 2655 1292 2725 sltis,

166 2858 239 2917 sap.
273 2840 326 2901 x1:
358 2840 398 2899 111
426 2841 467 2899 ait
496 2841 532 2899 ed
561 2842 625 2901 illos
654 2843 749 2902 iesus:
779 2843 844 2916 quis
872 2845 999 2904 uestium
1027 2843 1143 2902 habebit
1172 2842 1293 2903 amioum
1320 2870 1346 2928 μ

165 2943 276 3001 usque
307 2928 335 2984 et
363 2925 489 3000 pulsanti
519 2928 668 3001 aperietur.
711 2929 796 2987 Item
824 2945 897 3003 esp.
920 2928 1028 2987 xxm:
1050 2928 1173 3003 Vigilate
1195 2929 1291 3003 itaque

165 3012 246 3070 omni
267 3012 391 3085 tempore
410 3013 524 3071 orantes
546 3030 660 3088 usque
683 3015 712 3071 et
733 3016 808 3072 stare
831 3015 895 3072 ante
916 3013 1005 3073 filium
1027 3014 1158 3072 hominis.
1200 3014 1291 3073 Item

165 3096 207 3155 ad
228 3096 463 3173 philipenses
486 3114 558 3172 esp.
582 3099 622 3158 V:
645 3098 783 3158 Dominus
806 3115 892 3173 prope
914 3101 974 3158 est:
1001 3098 1073 3157 nihil
1096 3100 1210 3159 sollieiti
1225 3099 1291 3159 sitis

267 3296 280 3349 1
305 3295 367 3351 Lue.
387 3296 428 3359 11,
447 3296 531 3350 5-10
635 3296 668 3350 13
690 3297 752 3353 Luo.
770 3298 812 3363 21,
831 3298 865 3353 36
974 3299 1007 3351 16
1024 3298 1092 3353 Phil.
1109 3299 1135 3363 4,
1154 3300 1220 3352 5-1

165 3382 197 3436 16
215 3380 283 3435 Phil.
300 3382 326 3445 4,
346 3382 412 3433 5-1

215 3570 320 3638 litem]
340 3568 407 3623 aad.
425 3570 453 3621 in
472 3569 608 3639 euangelio
627 3569 716 3625 MLO
807 3570 895 3625 uerba
910 3568 978 3624 Item
991 3571 1071 3625 -nt
1088 3573 1172 3625 uit-
1185 3586 1292 3639 -ape

162 3656 244 3709 rietur
269 3671 319 3709 om.
347 3656 374 3709 V
472 3654 489 3708 2
515 3654 598 3709 hebet
624 3655 687 3709 ML
789 3654 856 3710 dieit
881 3655 944 3711 ML
1045 3655 1062 3709 3
1090 3657 1219 3726 quomoda
1245 3656 1292 3722 111,

162 3758 317 3813 eomodaG
409 3759 531 3828 quoniam
549 3757 599 3813 ste
628 3757 689 3827 quia
707 3758 795 3815 mo
886 3741 987 3813 4¹⁰uie
1005 3758 1048 3824 (de
1066 3777 1088 3815 s.
1102 3760 1118 3815 1.
1132 3760 1289 3825 1111111112)

163 3843 187 3898 S
280 3842 421 3897 5'deintus
439 3842 544 3899 Mnce
643 3840 716 3897 dieat
733 3844 838 3899 Mnoe
937 3845 954 3897 6
972 3847 1074 3898 osteum
1092 3844 1115 3900 S
1209 3843 1291 3898 eubili

163 3928 200 3984 Do
303 3928 320 3983 8
339 3929 371 3998 ei]
390 3928 430 3982 illi
448 3928 550 3985 muse
652 3928 885 3999 9imprebitatem
903 3929 970 3994 SOv,
1000 3931 1227 3999 inportunitatem
1244 3930 1290 3995 M,

161 4015 354 4085 inportunitate
373 4016 401 4069 L
480 4018 568 4079 eptem
587 4030 637 4070 om.
656 4016 727 4085 ML,
754 4018 880 4071 tamone
957 4016 991 4069 10
1008 4018 1037 4069 et
1053 4032 1102 4085 ego
1120 4016 1221 4071 MLOo

161 4101 268 4155 (labitur
285 4100 370 4170 uobis]
390 4102 525 4171 aeeipietis
548 4102 656 4171 offla.
670 4107 712 4169 11,
724 4104 773 4171 24)
870 4101 902 4157 11
921 4103 1022 4171 querite
1040 4102 1091 4157 LO
1184 4101 1217 4156 12
1233 4102 1291 4171 pul-

160 4189 236 4242 satae
254 4188 277 4243 S
369 4187 403 4240 12
422 4189 506 4256 querit
527 4187 550 4242 0
641 4187 674 4241 18
692 4188 757 4242 Item
774 4204 825 4243 om.
848 4189 875 4242 V
963 4189 1026 4259 illie}
1044 4188 1186 4243 seeundum
1202 4188 1289 4243 Iueem

159 4290 278 4345 mne
378 4272 623 4358 ¹'omniS(eorr.
642 4308 676 4347 111.
694 4292 722 4359 1)
828 4290 861 4344 14
884 4290 1023 4361 ‹ligneM
1067 4335 1073 4345 ,
1123 4290 1291 4361 elingues:

160 4376 273 4446 effugere
291 4376 395 4443 ΜΠ,
425 4376 561 4445 lugeret]
662 4377 694 4430 15
716 4376 821 4431 stabitis
839 4376 877 4431 Μ
976 4376 1126 4447 fifippensee
1145 4378 1186 4449 Sp
