3159 4967
251 504 276 548 11

251 672 322 773 siis,
345 690 453 754 finitur
475 690 526 755 ru.
546 692 618 755 rer
639 690 688 754 nis
710 690 817 756 uerbis
839 690 933 773 nepe
953 690 1036 754 aare
1057 691 1213 773 romeu
1234 673 1286 775 ὲῖι·
1307 690 1385 757 ruer

252 812 341 875 cuius
363 792 437 873 refu
459 809 631 891 Speculum
653 810 845 893 appellauit.
878 790 940 875 Do
952 831 1015 893 pra
1036 810 1105 875 cicc
1125 832 1228 877 amca.
1261 831 1319 877 non
1345 813 1383 878 ab

251 932 313 977 uno
335 911 463 977 librario
487 910 585 976 codex
608 911 744 995 scriptus
768 910 826 989 est,
851 910 891 976 de
912 911 1014 977 tribus
1031 914 1136 977 autem
1160 914 1213 979 uel
1236 917 1386 997 quattror

252 1014 399 1093 librariis,
424 1014 530 1097 quiin
554 1013 720 1079 scribendo
743 1032 777 1079 se
795 1015 993 1097 exceperunt,
1011 1015 1089 1079 certi
1112 1016 1285 1099 quidquam
1308 1020 1383 1085 defi-

252 1118 318 1183 nire
341 1116 419 1182 nihil
440 1117 581 1183 interest.
613 1116 745 1181 alteram
770 1117 899 1200 quidem
921 1137 1049 1183 manum
1073 1120 1105 1183 et
1127 1120 1383 1204 compendiorum

252 1221 420 1305 generibus
455 1221 487 1285 st
520 1220 695 1303 scripturae
729 1220 853 1285 mendis
876 1238 895 1283 a
915 1221 1018 1302 priore
1047 1222 1240 1289 differentem
1267 1224 1341 1291 inde
1366 1246 1385 1291 a

253 1324 404 1389 fasciculo
427 1324 523 1389 XIIII
547 1322 599 1389 fol.
625 1324 698 1389 103¹
721 1328 792 1406 (uos
814 1324 889 1388 hacc
975 1324 1049 1403 210,
1072 1326 1106 1406 8)
1128 1326 1268 1409 incipere
1289 1327 1384 1393 facile

255 1427 455 1504 diiudicatur,
480 1445 626 1509 quaeres
643 1427 738 1491 etiam
755 1426 828 1491 inde
843 1428 1054 1509 cognoscitur,
1078 1430 1163 1511 quod
1180 1432 1251 1495 ante
1267 1449 1384 1496 nouum

254 1528 443 1594 fasciculum
464 1529 612 1594 librarius
635 1528 751 1593 litteris
773 1530 910 1594 maxime
934 1530 1079 1595 distentis
1101 1532 1231 1598 ultimas
1252 1535 1384 1617 paginas

254 1633 385 1716 implere
409 1631 527 1697 studet.
559 1631 643 1713 quod
664 1632 750 1697 idem
774 1631 892 1696 lactum
916 1634 965 1698 est
987 1633 1044 1698 sub
1060 1634 1154 1699 finem
1171 1636 1385 1719 quaternionis

253 1736 345 1801 XVII
368 1735 423 1800 ubi
445 1734 497 1800 fol.
524 1736 599 1799 129v
622 1741 804 1819 (...opas
825 1737 941 1801 donum
956 1743 1116 1819 paratum
1138 1739 1212 1817 252,
1234 1740 1269 1822 9)
1292 1738 1385 1805 lineis

256 1838 381 1905 extenta
403 1839 560 1921 scriptura
582 1840 836 1921 quattuordecim
859 1839 984 1923 scriptis
1010 1840 1133 1923 reliqua
1154 1843 1289 1925 paginae
1311 1863 1385 1925 pars

254 1960 358 2006 uacua
380 1943 437 2007 est.
477 1942 557 2006 Inter
580 1942 632 2005 lol.
658 1944 713 2007 121
735 1943 767 2007 et
786 1943 846 2007 122
864 1943 912 2007 tot
927 1944 1026 2007 uerba
1042 1943 1155 2008 desunt
1171 1946 1247 2025 quot
1263 1944 1385 2010 duobus

256 2044 338 2111 loliis
362 2046 679 2128 comprehenduntur,
704 2045 760 2111 sed
782 2045 835 2111 fol.
862 2046 921 2110 127
940 2048 972 2111 et
989 2048 1049 2111 128
1073 2048 1104 2111 in
1126 2046 1277 2113 fasciculo
1292 2048 1384 2117 XVII

256 2148 448 2231 supplentur.

358 2289 526 2356 Correctus
560 2290 609 2355 est
640 2288 720 2355 liber
753 2308 813 2353 non
849 2288 951 2353 solunr
975 2308 995 2352 a
1015 2289 1117 2372 prIma
1142 2309 1267 2373 quaque
1289 2308 1384 2355 manu

257 2413 336 2477 quae
371 2392 488 2471 omissa
521 2392 678 2459 uocabula
710 2392 762 2457 usl
794 2391 919 2457 litteras
941 2412 1037 2476 supra
1058 2393 1176 2458 lineam
1199 2392 1299 2469 addit,
1328 2391 1384 2457 sed

257 2496 352 2561 etiam
378 2516 396 2560 a
419 2497 648 2561 correctoribus
672 2497 703 2559 et
724 2496 847 2578 primae
868 2498 976 2560 manui
999 2497 1032 2561 et
1053 2497 1134 2561 inter
1149 2516 1184 2561 se
1200 2497 1305 2561 aetate
1321 2496 1386 2561 lere

257 2598 452 2682 aequalibus,
476 2618 607 2683 quorum
629 2599 657 2663 is
681 2600 734 2681 qui
757 2600 856 2664 uerba
877 2599 1072 2681 psalmorum
1094 2601 1128 2663 et
1149 2598 1385 2680 euangeliorum

258 2701 405 2769 emendat
419 2702 508 2783 nigro
525 2702 691 2767 atramenti
707 2701 812 2767 colore
836 2702 869 2766 et
884 2702 1039 2784 scriptura
1055 2700 1268 2785 dIstIngoitur.
1293 2720 1385 2782 quem

256 2828 328 2873 cum
350 2806 461 2887 prioris
483 2804 668 2871 correctoris
693 2804 910 2870 additamenta
936 2804 1092 2887 corrigere
1116 2803 1270 2879 uiderem,
1294 2804 1384 2885 signo

257 2912 305 2975 Me
329 2910 445 2974 notaui.
480 2907 685 2975 emendantur
716 2909 822 2974 autern
854 2910 962 2992 aperta
990 2907 1082 2991 primi
1111 2907 1232 2973 librarii
1260 2907 1386 2983 menda,

257 3012 383 3077 litterae
405 3011 603 3095 permutatae
626 3012 844 3085 rest'tuuntur,
875 3009 1061 3092 compendia
1082 3011 1175 3091 plene
1196 3010 1385 3078 scribuntur.

258 3116 383 3180 litterae
407 3116 602 3181 abundanter
625 3114 746 3197 positae
771 3114 924 3179 delentur.
960 3133 1020 3195 quo
1043 3132 1172 3178 munere
1194 3114 1387 3177 correctores

258 3218 440 3300 plerumque
474 3218 520 3281 ita
553 3218 733 3299 funguntur,
768 3216 806 3280 ut
826 3214 985 3299 Vulgatae
1018 3214 1170 3281 lectiones
1204 3215 1385 3298 sequautur.

259 3322 306 3385 Μ8
330 3322 435 3387 autem
458 3320 589 3385 lacunas
606 3318 747 3401 aliasque
770 3338 822 3383 res
836 3318 890 3382 uel
913 3317 953 3382 ad
975 3317 1221 3400 intellegendum
1247 3316 1386 3382 diflicili-

259 3444 328 3490 ores
352 3424 406 3488 uel
428 3443 522 3489 sensu
540 3423 702 3507 grauiores
719 3422 902 3487 obseruauit
919 3424 951 3487 et
964 3422 1138 3505 legentium
1154 3422 1274 3487 animos
1290 3420 1388 3505 signis

260 3545 340 3610 quae
364 3527 436 3591 sunt
458 3548 491 3601 a,
515 3550 552 3603 rr,
577 3525 647 3603 ded,
678 3526 709 3589 in
740 3525 883 3607 margine
906 3524 1058 3608 appositis
1081 3525 1121 3589 ad
1145 3544 1199 3589 eas
1223 3524 1388 3589 aduemre

260 3629 389 3694 studuit.

302 3770 369 3833 ianr
394 3768 485 3831 huius
508 3766 627 3832 codIcis
651 3784 731 3849 quae
751 3765 793 3829 sit
806 3764 929 3830 indoles
947 3785 983 3831 ac
1000 3765 1142 3831 condicio
1157 3765 1267 3848 paucis
1283 3762 1389 3828 uerbis

261 3888 420 3955 exponam.
460 3888 496 3935 ac
527 3870 662 3952 prunum
687 3868 814 3951 quidem
836 3869 965 3933 uocales
989 3887 1070 3950 quae
1093 3869 1203 3932 eunte
1226 3868 1258 3930 et
1283 3869 1293 3929 i
1315 3886 1389 3931 sae-

259 3972 387 4056 pissimo
418 3971 663 4050 contunduntur,
695 3973 731 4036 ut
761 3972 878 4053 scripta
904 3971 1051 4054 legantur
1068 3972 1219 4055 putrido,
1243 3971 1390 4052 rucimos,

260 4076 451 4149 (aduliscens,
475 4077 673 4153 contumilia,
691 4077 902 4157 pertimiscat,
925 4076 1040 4153 rezati,
1063 4075 1194 4154 walis,
1216 4072 1389 4155 possedeas,

260 4179 412 4260 dilapiiis,
436 4180 586 4262 detenuit,
613 4179 763 4259 tradcdr't,
793 4179 946 4260 leuues,
978 4198 1112 4258 mereor,
1136 4196 1197 4259 quo
1218 4176 1251 4240 in
1274 4191 1391 4257 genere

261 4281 513 4364 frequentissima
543 4281 591 4346 est
619 4281 813 4366 syllabarum
841 4280 1049 4362 praelixamm
1073 4280 1111 4344 de
1133 4281 1236 4343 aidis
1257 4275 1391 4341 mutatio

262 4385 350 4449 uelut
366 4386 397 4449 in
413 4387 558 4470 dispicio,
581 4386 739 4464 discendo,
762 4384 950 4466 dirperulio,
965 4385 1165 4467 disponsata,
1180 4382 1391 4489 distituimur,
