3159 4967
338 420 401 488 668
560 420 606 473 De
624 419 751 474 diuinis
770 422 951 490 scripturis
969 422 1042 474 siue
1063 421 1249 490 Bpeeulum.

342 610 450 693 etqui
472 610 582 675 uident
604 610 633 675 ei
655 627 777 693 pacem,
802 610 836 675 et
850 629 911 676 nen
927 610 1062 693 estpan‚
1086 611 1166 677 dieit
1181 610 1335 677 deminus.
1366 612 1450 675 Iten

336 713 377 778 in
401 714 611 795 euangelio
629 713 846 779 seeundum
860 714 1122 779 matthaeum:
1145 715 1215 780 Vae
1229 716 1332 792 nohis,
1347 715 1449 779 soritae

341 817 374 882 et
402 817 560 900 pharisaei
589 818 780 901 hypocritae,
811 817 866 900 qui
896 817 1019 883 similes
1046 818 1123 884 estis
1145 818 1356 883 monumentis
1375 816 1449 881 deai-

338 920 433 999 bahs,
457 939 538 1002 quae
560 920 688 1003 quidem
710 919 859 985 uidentur
875 940 895 985 a
914 920 992 986 feris
1012 921 1194 987 hominihus
1208 922 1363 1004 speeiesa,
1381 920 1449 983 intus
1514 971 1515 984 ,

340 1022 447 1088 autem
469 1024 563 1107 plena
585 1024 659 1089 sunt
680 1024 804 1091 essibus
829 1024 977 1089 humanis
1000 1025 1033 1088 et
1055 1025 1140 1089 omni
1162 1025 1326 1107 spurcitia„
1367 1024 1473 1088 Itens
1514 987 1516 1078 i

339 1126 375 1189 in
399 1126 558 1192 autibus
583 1127 873 1210 apostolerum:
897 1129 1059 1193 Perentiet
1080 1129 1115 1193 te
1138 1127 1229 1205 deus,
1252 1128 1357 1210 paries
1377 1126 1448 1189 deei-

338 1229 422 1295 bate.
468 1230 566 1294 Item
589 1230 635 1295 ad
658 1232 864 1313 ephesios:
885 1232 927 1297 nt
940 1232 1047 1315 legem
1062 1230 1290 1296 mandaterum
1304 1228 1447 1297 sententiis

340 1333 520 1410 euaeuauit,
542 1334 579 1397 ut
601 1332 680 1399 dnos
703 1334 854 1400 uenderet
881 1335 915 1399 in
938 1336 1040 1399 semet
1067 1335 1137 1417 ipse
1166 1334 1198 1398 in
1221 1352 1286 1398 nne
1308 1350 1385 1398 noue
1403 1332 1448 1395 he

338 1436 440 1501 mine:
476 1438 509 1501 et
534 1436 674 1501 medinm
696 1438 851 1519 parietem
881 1438 1024 1520 consepti
1045 1437 1183 1515 soluens,
1216 1435 1447 1501 inimicitianin

339 1558 434 1604 carne
458 1558 524 1605 sua
571 1542 671 1607 Item
693 1542 731 1606 in
755 1542 868 1606 esaia
888 1541 1096 1624 propheta:
1126 1541 1170 1605 ut
1190 1541 1323 1606 effluent
1342 1540 1472 1615 laternae

341 1644 373 1708 et
402 1643 497 1709 eadet
528 1664 647 1723 murus,
681 1646 830 1728 queniam
863 1646 1010 1729 regnauit
1043 1645 1189 1710 domiuus
1220 1645 1254 1709 iu
1287 1644 1354 1709 sien
1375 1642 1447 1707 etin

339 1746 539 1812 hierusalem.
585 1749 683 1813 Item
717 1749 825 1815 illie:
864 1748 1074 1815 Altitudinem
1110 1748 1225 1831 refugii
1261 1748 1387 1831 parietis
1413 1745 1446 1808 tui

287 1998 310 2039 α
339 1975 867 2051 nudensusqneetnenestpax,
891 1975 1122 2035 dieitdeminus.
1164 1976 1444 2044 Inmatheeeap.

338 2059 462 2119 XXHII:
488 2061 546 2120 Vse
567 2062 661 2131 nobis,
685 2062 777 2121 scribe
799 2064 830 2121 et
849 2061 976 2136 phariaei
998 2062 1165 2136 hipoehrite‚
1195 2062 1245 2135 qui
1269 2060 1374 2120 similes
1392 2056 1445 2117 estis
1514 2079 1515 2138 3

338 2145 535 2205 monumentis.
579 2147 619 2207 In
651 2147 800 2207 actibus
829 2146 1079 2223 apostolerum
1100 2164 1175 2221 esp.
1280 2142 1470 2207 :Pereuteuts

338 2233 367 2291 te
389 2231 529 2301 deminus,
557 2234 652 2307 paries
686 2233 824 2293 dealbate.
869 2231 921 2292 Ad
942 2232 1102 2293 eiiesios
1125 2249 1198 2307 cap.
1221 2233 1278 2291 VI:
1308 2233 1371 2306 Ipse
1389 2228 1446 2287 enin

338 2334 394 2392 pax
416 2318 514 2377 nostre
528 2318 578 2392 qui
600 2318 668 2378 feeit
690 2322 810 2393 utraque
824 2336 912 2378 unum
927 2318 955 2376 et
976 2320 1098 2377 medium
1120 2318 1266 2394 parietem.
1305 2319 1343 2375 In
1364 2314 1446 2374 esaia
1514 2319 1515 2344 ¹

338 2420 412 2478 eep.
503 2422 510 2460 τ
543 2404 581 2462 Et
615 2422 700 2479 super
730 2422 810 2464 omne
831 2404 981 2474 munitum,
1012 2422 1097 2479 super
1125 2420 1222 2463 emnes
1252 2421 1342 2462 naues
1367 2399 1443 2459 tarsis

337 2488 425 2549 Item
448 2506 523 2564 eap.
613 2490 800 2550 :Altitudiue
821 2490 928 2564 refugii
949 2491 1074 2565 parietes
1088 2490 1141 2548 tui.
1183 2489 1276 2548 Item
1299 2505 1370 2562 eap.
1438 2500 1444 2535 2

285 2736 309 2794 μ
338 2712 383 2771 est
405 2728 469 2785 pax,
504 2711 545 2769 ait
572 2710 701 2770 deminus
730 2710 810 2785 deus.
848 2710 1047 2770 Secundum
1067 2710 1242 2767 matheum
1264 2704 1383 2767 XXHII:
1402 2703 1469 2762 Ises

339 2797 431 2866 uobis,
456 2797 565 2856 scribae
589 2796 617 2855 et
638 2796 782 2871 pharisaei
804 2797 984 2871 hypeerytee,
1007 2796 1075 2869 quie
1097 2794 1205 2853 similes
1222 2794 1296 2854 estis
1313 2787 1443 2867 sepulchris

336 2899 452 2957 nsque
474 2883 568 2941 emnia
590 2882 733 2957 spuntitia.
776 2882 820 2941 In
842 2882 989 2941 actibus
1011 2880 1259 2956 apostolerum
1282 2896 1353 2954 esp,
1373 2872 1444 2935 LIII:

336 2968 480 3027 Pereutiet
512 2969 540 3028 te
574 2968 654 3039 deus,
695 2967 790 3043 paries
825 2967 963 3026 dealbate.
1018 2967 1067 3025 Aa
1097 2965 1269 3041 ephesios
1303 2982 1373 3037 esp.
1399 2958 1442 3018 nl:

336 3055 403 3128 Ipse
424 3055 468 3113 est
490 3054 564 3113 enim
585 3071 641 3128 pax
663 3054 762 3113 nostra
783 3053 831 3127 qui
854 3053 921 3111 feeit
946 3055 1067 3127 utaque
1081 3068 1168 3111 unum
1188 3068 1309 3126 nsque
1330 3050 1359 3109 in
1377 3060 1444 3107 annm

337 3155 441 3198 nonum
462 3140 603 3199 homiuem
625 3139 733 3199 faeieus
755 3155 863 3213 paeem.
906 3137 946 3197 lu
968 3138 1068 3198 esaia
1089 3154 1162 3212 esp.
1267 3128 1467 3196 2Et0fflumts

336 3224 449 3295 lateres,
473 3228 502 3285 et
524 3224 605 3284 cadet
626 3242 732 3294 murus,
764 3225 833 3299 quia
853 3223 987 3298 regnauit
1008 3224 1138 3283 deminus
1166 3224 1197 3283 iu
1219 3224 1284 3283 sien
1306 3226 1334 3282 et
1355 3216 1442 3279 inhie
1514 3261 1515 3264 η

336 3310 467 3371 ruselem.
511 3311 614 3371 Item:
651 3310 838 3369 Altitudinem
870 3310 975 3384 refugii
1010 3310 1129 3385 parietis
1164 3309 1208 3368 tui
1244 3305 1396 3368 hnmiliauit
1423 3300 1444 3359 et

438 3516 576 3572 ausen.
599 3516 641 3582 aa,
659 3516 693 3571 27
792 3518 892 3572 esee
914 3516 993 3582 aee
1096 3516 1229 3586 aspie.
1253 3517 1280 3583 2,
1298 3513 1390 3571 14-16

337 3604 370 3659 ιο
387 3602 432 3661 se.
449 3604 492 3669 24,
511 3604 545 3659 ae
650 3602 806 3668 mmm,
827 3604 860 3659 12
963 3602 1251 3673 messmam

1514 3751 1515 3782 i

389 3801 467 3872 lqui
485 3804 560 3870 (ueste
577 3800 681 3869 uident)
700 3817 751 3855 om.
775 3802 804 3855 V
896 3801 963 3856 Item
976 3800 1315 3857 -Vae-Infirmabitnr
1329 3800 1389 3854 item
1403 3809 1440 3848 οι-
1514 3795 1515 3804 ’

339 3888 367 3944 V
465 3886 532 3941 tin
556 3904 649 3959 euang.
673 3904 724 3943 om.
748 3888 836 3943 hac
939 3904 1015 3957 euug.
1032 3904 1083 3943 see.
1101 3887 1222 3943 mathS
1321 3876 1440 3941 efarsei

335 3974 360 4031 8
453 3973 582 4044 hIpoesite
599 3975 636 4028 Μ
736 3972 918 4029 euidens
1018 3972 1237 4029 fidealbataeS
1336 3966 1440 4025 iaieaioe

337 4093 496 4165 ammos
515 4094 542 4149 n
639 4066 897 4163 eismetipsis
950 4146 954 4151 ,
996 4093 1176 4151 emmena
1194 4094 1228 4149 e:
1257 4091 1397 4154 metesa
1413 4080 1442 4137 Μ

335 4180 415 4245 Lon,
444 4178 495 4249 τὴν
519 4178 621 4249 ἔχθραν
731 4180 761 4234 11
791 4180 914 4249 queniam
939 4179 974 4235 S:
1003 4182 1065 4249 quia
1091 4179 1181 4235 ΜΗ)
1285 4175 1398 4248 mabit
1416 4169 1439 4233 θ,

334 4264 487 4335 sesamae
586 4264 619 4319 12
636 4264 699 4336 nne]
718 4266 746 4319 sn
764 4266 838 4321 esaia
855 4265 906 4335 us,
923 4268 973 4336 ys)
993 4265 1081 4321 une
1097 4268 1136 4335 (os
1152 4267 1194 4321 sse
1210 4266 1305 4335 aetra)
1393 4255 1438 4312 ἀΰ·

334 4348 428 4403 tadine
446 4350 508 4406 Mo
