3159 4967
411 449 458 502 Dc
476 447 605 504 diuinis
622 451 802 520 scripturis
819 453 891 506 siue
909 452 1090 522 Speculum.
1251 455 1315 522 525

185 657 282 722 quare
306 656 381 721 ergo
403 639 492 722 equis
514 639 603 704 irena
624 641 656 705 in
672 659 727 706 ora
747 641 914 707 mittuntur
936 641 996 706 nisi
1018 643 1050 708 in
1067 661 1114 722 eo,
1133 645 1170 708 ut
1192 627 1310 710 sunde-

186 744 277 807 autor
300 763 319 807 a
342 744 431 809 nobis
448 743 480 808 et
495 743 597 808 totum
613 762 726 826 corpus
742 744 1040 811 circumducamus?
1063 765 1138 812 ecee
1155 747 1188 812 et
1201 766 1310 826 naues,

185 865 266 928 quae
288 846 355 911 tam
376 847 537 911 inmensae
560 847 642 926 sunt,
666 848 724 914 sub
746 848 851 913 uentis
866 847 953 913 duris
967 848 1109 915 feruntur
1125 853 1157 916 et
1172 851 1310 916 cucum-

186 949 342 1014 ducuntur
373 968 392 1013 a
420 949 607 1032 parcissimo
636 951 860 1033 gubernaculo,
891 953 945 1017 ubi
977 953 1113 1035 impetus
1146 954 1310 1036 dirigentis

158 1052 329 1118 euoluerit
368 1052 414 1117 sic
449 1053 481 1117 et
512 1052 622 1136 lingna
652 1072 726 1135 pars
758 1054 891 1120 membri
922 1055 979 1134 est,
1015 1056 1071 1122 sed
1105 1056 1154 1121 est
1185 1057 1310 1140 magni-

183 1155 288 1237 loqua
328 1155 360 1219 et
381 1155 465 1220 sicut
485 1173 602 1238 paruus
623 1157 706 1239 ignis
727 1175 876 1240 maguam
900 1157 1013 1222 siluam
1035 1158 1184 1238 incendit,
1211 1159 1257 1222 ita
1280 1159 1312 1224 et

183 1258 293 1341 lingua
320 1258 403 1341 ignis
434 1260 499 1325 est:
530 1259 720 1325 otmundus
747 1259 924 1342 iniquitatis
946 1279 1002 1342 per
1023 1260 1163 1344 lingnam
1187 1261 1312 1326 constet
1405 1297 1408 1304 ,

183 1362 216 1426 in
237 1361 388 1427 membris
410 1362 536 1440 nostris,
560 1381 641 1444 quae
656 1362 797 1427 maculat
819 1363 922 1427 totum
937 1381 1060 1446 corpus,
1085 1364 1117 1427 et
1136 1363 1312 1428 inflammat

183 1465 285 1529 rotam
301 1465 465 1547 geniturae
479 1466 514 1556 et
527 1466 740 1532 inflammatur
756 1487 775 1531 a
789 1467 945 1550 genitura.
981 1467 1081 1532 omnis
1100 1467 1182 1532 enim
1198 1467 1312 1532 natura

145 1567 357 1631 robertianum
380 1567 413 1633 et
435 1568 541 1632 auium
565 1569 597 1632 et
618 1560 811 1651 serpentium
834 1571 867 1634 et
887 1569 1052 1634 beluarum
1082 1569 1311 1635 maritimarum

185 1668 330 1735 domatur
353 1671 385 1734 et
411 1671 555 1737 subiecta
587 1671 637 1736 est
668 1673 801 1736 naturae
829 1673 1001 1737 hnmanae:
1034 1673 1175 1756 linguam
1205 1673 1310 1737 eutem

183 1772 344 1838 homiuum
368 1773 496 1841 domare
517 1794 610 1840 nemo
631 1775 738 1859 potest
757 1794 817 1841 uec
832 1775 969 1840 retinere
985 1795 1004 1840 a
1018 1775 1113 1854 malo,
1130 1775 1204 1858 quia
1217 1775 1311 1858 plena

184 1876 234 1941 est
253 1876 381 1941 mortali
403 1895 534 1942 ueneno.

706 2052 784 2135 LII.

145 2229 171 2269 15
531 2230 723 2272 FVGIENDAM
748 2231 959 2272 EBRIETATEM·

224 2341 267 2405 Iu
288 2340 537 2423 prouerbiis:
562 2341 623 2422 Qui
639 2342 689 2406 est
709 2342 866 2408 iucundus
883 2343 916 2406 in
931 2342 996 2408 uini
1012 2342 1306 2420 enumerationibus,

181 2442 339 2525 relinquet
361 2443 592 2508 contumeliam.
630 2444 727 2509 Item
749 2444 858 2508 illic:
881 2445 1034 2510 Proterua
1055 2464 1107 2510 res
1130 2447 1178 2512 eet
1199 2444 1307 2509 uinum

223 2635 284 2694 LII.
319 2655 486 2697 rumenam
513 2656 747 2697 annumerem.
781 2635 821 2694 In
848 2635 1059 2710 prouerbiis
1088 2653 1162 2711 cap.
1185 2635 1306 2696 XXHH:
1338 2658 1360 2697 α

223 2822 285 2882 LII.
322 2807 512 2884 rvomunnm
544 2843 777 2886 enumerarem.
815 2823 855 2882 Iu
882 2823 1095 2898 prouerbiis
1125 2841 1199 2900 cap.
1223 2823 1306 2884 XHI:
1336 2843 1360 2905 μ

142 2922 169 2962 so
182 2908 237 2980 Qui
267 2909 364 2967 suauis
395 2911 440 2969 est
467 2909 498 2967 in
519 2909 580 2968 uini
600 2909 838 2969 moderationibus
861 2909 892 2968 in
914 2909 975 2969 suis
997 2910 1199 2970 monitionibus
1221 2910 1305 2970 relin-

181 2995 243 3070 quit
279 2994 483 3053 oontumeliam.
527 2995 617 3055 Item
650 3012 723 3070 cap.
756 2994 839 3054 XXI:
877 2995 1031 3055 Luxoriosa
1066 3011 1112 3056 res
1149 2995 1246 3056 uinum
1279 2997 1307 3054 et

179 3079 353 3139 tumultuosa
382 3081 540 3140 sobrietas:
574 3081 741 3155 quicumque
769 3081 816 3139 his
847 3080 999 3141 delectatur
1027 3098 1083 3141 non
1105 3082 1159 3140 erit
1181 3081 1305 3157 sapiens.

283 3261 316 3316 16
333 3262 411 3317 Prou
430 3262 471 3325 12,
491 3265 521 3316 ll
627 3263 658 3315 17
677 3260 753 3318 Prou
771 3262 814 3328 20,
834 3262 847 3317 1

231 3434 245 3486 l
269 3434 339 3503 ergo]
364 3449 425 3488 uero
448 3432 562 3489 Mune
663 3433 736 3502 qquis
759 3433 805 3488 SG
905 3449 951 3487 ora
972 3431 1024 3489 Soa
1054 3449 1097 3488 ore
1116 3434 1242 3506 MVLO,
1271 3434 1306 3486 τὰ

180 3519 302 3587 πόματα
425 3519 443 3573 2
469 3521 497 3573 et
518 3524 586 3590 poet
613 3534 672 3574 ecee
698 3535 749 3574 om.
776 3518 893 3577 MVLO
918 3519 990 3587 (ἰδοὺ
1015 3521 1070 3588 aue]
1195 3521 1212 3575 3
1240 3539 1305 3592 quae

179 3607 237 3660 tam
254 3605 355 3662 MVO:
386 3605 565 3675 quiaetamS,
596 3606 711 3674 quietam
729 3604 756 3660 L
855 3605 998 3660 immensae
1016 3606 1105 3662 MVG
1200 3607 1306 3662 circum·

179 3691 317 3761 ducuntur]
336 3691 550 3747 circumferuntur
570 3691 608 3748 Co
701 3689 1041 3760 5memb1iJodd.pan1a
1058 3693 1174 3748 MVLO
1264 3697 1305 3748 set

179 3777 238 3845 ott]
264 3781 291 3830 et
314 3777 341 3830 L
438 3777 455 3830 9
478 3780 564 3832 rotam
587 3777 711 3842 MVLO,
743 3779 830 3832 *otum
849 3777 929 3844 (roeo
946 3777 1018 3848 n)S
1117 3780 1253 3848 geniturae
1272 3779 1304 3834 S:

179 3861 330 3916 natiuitatis
347 3864 454 3916 nostram
475 3854 618 3927 muron,
644 3863 693 3931 τῆς
708 3863 839 3930 γενέσεως
940 3863 1062 3932 genitura
1085 3865 1230 3920 SM¹V¹Lt
1259 3882 1304 3935 ge·

179 3948 267 4002 houna
293 3949 433 4018 M‘V'Co,
459 3949 508 4017 τῆς
528 3949 637 4018 γεέννης
740 3966 829 4004 omnes
859 3950 921 4004 ML
1025 3951 1055 4004 ll
1082 3950 1172 4021 lingue
1202 3951 1236 4006 V¹

181 4034 213 4088 12
229 4034 317 4088 nullus
334 4033 467 4088 hominmn
485 4033 591 4089 domare
607 4037 697 4104 potest
714 4036 842 4092 MVLOo
938 4051 987 4092 uec
1005 4035 1034 4102 S,
1063 4039 1107 4092 uel
1123 4037 1240 4093 MVLO

180 4120 212 4175 15
236 4123 410 4192 nebriqtatem
432 4122 471 4176 Μ
571 4121 604 4177 16
626 4122 752 4177 iocundus
774 4122 849 4178 VLG
947 4124 976 4177 in
992 4125 1048 4176 uini
1066 4124 1304 4180 conmoratiombus

179 4208 214 4263 S:
242 4209 271 4261 in
294 4208 348 4262 suis
371 4207 561 4262 munitionibus
585 4209 722 4278 MWLO,
751 4211 794 4260 ’.ψ
816 4209 845 4263 in
869 4209 925 4264 uini
948 4209 1174 4264 moderationibus
1197 4205 1226 4264 in¹
1250 4212 1305 4265 suis

178 4292 368 4347 monitionibus
398 4294 445 4360 V’,
479 4293 507 4346 in
524 4294 589 4347 uini
615 4293 846 4358 demorationibuo,
872 4295 900 4347 iu
926 4293 979 4348 suis
1005 4294 1194 4349 munitionibus
1219 4313 1237 4350 o

179 4378 211 4431 17
229 4378 292 4448 illic]
311 4379 358 4432 ubi
375 4394 454 4447 supra
470 4379 556 4434 ΜΗ)
