3159 4967
280 426 343 492 498
502 425 549 478 De
566 423 691 476 diuinis
709 421 892 490 seripturis
913 419 983 474 siue
1001 421 1184 490 Speculum

282 617 392 682 christi
424 615 519 680 sunt?
551 614 666 678 tollens
700 631 774 695 ergo
804 613 947 678 membre
976 611 1085 678 christi
1118 611 1231 676 faeiem
1265 610 1410 676 membre

281 718 480 786 meretricis?
503 718 594 782 absit
627 717 757 782 nescitis
779 718 854 798 quia
876 716 929 798 qui
951 717 1053 800 iungit
1075 735 1109 782 se
1131 715 1290 780 meretrici
1310 733 1408 779 unum

283 842 395 906 eorpus
419 823 492 887 est?
522 822 613 886 erunt
635 820 718 886 enim
741 819 804 886 duo
826 820 857 884 in
881 838 975 884 cerne
998 839 1070 885 una.
1100 819 1155 902 qui
1178 819 1284 884 eutem
1306 819 1410 901 iungit

283 945 317 990 se
352 925 476 990 domino
509 943 590 990 unus
623 925 752 1006 spiritus
789 925 848 988 est.
894 922 993 1006 fugite
1029 922 1277 988 fornicationem.
1317 941 1410 986 omne

282 1030 459 1112 peceatum,
482 1028 704 1112 quodcumque
727 1028 841 1093 feeerit
869 1028 971 1106 homo,
1002 1028 1091 1092 extra
1119 1047 1232 1111 eorpus
1256 1028 1320 1094 est:
1354 1027 1409 1109 qui
1436 1047 1452 1086 ι

284 1132 391 1196 autem
412 1131 593 1209 fornicatur,
623 1132 655 1196 in
678 1150 792 1213 eorpus
811 1149 907 1214 ,suum
929 1132 1050 1214 poscet
1087 1131 1142 1196 eut
1169 1131 1299 1218 noscitis
1327 1149 1409 1212 quo-

283 1235 367 1299 niam
389 1235 532 1300 membre
552 1237 661 1299 uestro
679 1235 834 1316 templum
851 1234 901 1299 est
922 1233 1050 1317 spiritus
1068 1235 1179 1318 saneti,
1203 1235 1258 1317 qui
1271 1235 1303 1299 in
1318 1233 1410 1298 uobis

284 1339 341 1415 est,
377 1357 471 1421 quem
503 1339 628 1404 hebetis
652 1357 671 1403 e
692 1337 761 1416 deo,
798 1339 831 1403 et
852 1357 912 1412 non
936 1338 1012 1404 estis
1041 1337 1161 1402 uestri?
1194 1337 1291 1420 empti
1325 1337 1410 1402 onim

283 1441 361 1506 estis
382 1441 492 1522 pretio.
528 1439 705 1524 glorificate
727 1441 761 1506 et
779 1440 884 1506 tollito
903 1441 1064 1506 dominum
1084 1440 1117 1504 in
1140 1458 1269 1523 corpore
1291 1441 1409 1506 uestro.

779 1677 908 1764 XLVI.
1427 1723 1452 1764 o

579 1877 620 1916 ΒΕ
646 1877 869 1918 suessonum
896 1877 1111 1920 SACBRDO'I'VM.

325 1989 367 2051 In
402 1988 599 2052 hieremia
630 1990 839 2072 prophete:
874 1989 914 2054 Et
945 1988 1126 2054 sacerdotes
1156 2009 1214 2054 non
1246 1989 1410 2054 dixerunt:

284 2089 337 2155 ubi
373 2091 421 2154 est
454 2090 555 2156 deus?
595 2092 627 2155 et
660 2091 798 2157 cultores
829 2091 910 2174 legis
943 2111 1034 2157 mese
1067 2092 1246 2157 nescierunt
1278 2113 1340 2170 me,
1379 2091 1412 2156 ot

282 2193 425 2275 pastores
446 2195 542 2277 impie
566 2196 697 2276 egerunt
717 2196 748 2260 in
772 2214 833 2258 ms.
877 2194 980 2258 Item
1002 2195 1109 2258 illie:
1131 2194 1303 2260 Horribilie
1325 2196 1412 2261 foeta

283 2297 356 2360 sunt
378 2300 622 2380 superterram:
645 2299 816 2381 prophetoe
832 2299 1019 2382 prophetent
1039 2299 1155 2382 inique,
1180 2299 1212 2364 et
1227 2299 1411 2365 secerdotes
1427 2320 1452 2361 rs

282 2396 466 2479 plauserunt
498 2400 644 2465 manibus
677 2401 752 2478 suis,
787 2400 820 2464 st
846 2399 979 2482 populus
1012 2419 1103 2466 meus
1138 2401 1315 2466 dilexerunt
1344 2423 1408 2470 eos.

231 2635 253 2676 α
325 2618 408 2679 XLV.
432 2639 473 2679 ns
495 2639 715 2680 promotiome
737 2639 953 2684 eremorvrr.
975 2621 1015 2679 In
1037 2621 1212 2680 hieremia
1233 2637 1308 2696 esp.
1402 2641 1410 2680 ε

284 2703 322 2760 Et
354 2705 514 2764 secerdotes
547 2721 603 2763 non
626 2706 771 2764 dixerunt:
808 2707 858 2765 ubi
891 2709 935 2766 est
968 2706 1057 2766 doust
1100 2708 1187 2766 Item
1217 2723 1290 2781 esp.
1402 2727 1409 2764 :

231 2939 254 2997 μ
324 2919 421 2980 XLVI.
445 2939 485 2979 ns
507 2939 729 2980 reseresrrrrr
751 2941 968 2984 seorrrrporvrr.
991 2923 1031 2980 In
1053 2922 1225 2982 hieremia
1247 2941 1322 2998 esp.
1402 2943 1408 2980 :

285 3004 448 3063 Sacerdotes
478 3021 535 3063 non
564 3004 712 3063 dixerunt:
742 3006 791 3066 ubi
822 3009 867 3066 est
896 3007 1047 3066 dominus?
1082 3027 1194 3083 usque
1224 3011 1252 3068 et
1279 3013 1409 3085 pastores
1425 3027 1454 3067 so

283 3090 471 3164 praeuaricati
495 3093 562 3149 sunt
584 3091 614 3148 in
635 3108 687 3149 mo.
729 3091 819 3150 Item
841 3092 892 3150 ibi
916 3109 988 3168 oep.
1079 3094 1410 3170 :Stuporetmirsbilie

284 3174 361 3232 saeta
393 3178 460 3234 sunt
492 3176 522 3234 in
554 3178 629 3234 terra
661 3194 777 3252 usque
811 3177 879 3253 quid
908 3177 997 3252 igitur
1025 3179 1073 3238 fiet
1098 3179 1127 3238 in
1149 3182 1304 3240 nouissimo
1327 3185 1410 3243 eius?

385 3383 418 3439 12
434 3383 508 3442 Hier,
525 3386 550 3451 2,
569 3387 586 3440 8
690 3387 723 3441 14
739 3387 812 3442 Hier.
831 3389 854 3454 5,
872 3388 906 3442 80
924 3391 952 3442 et
969 3389 1000 3444 31

335 3581 489 3637 ltolleeS
571 3583 654 3653 Boot]
675 3583 789 3638 efficitur
808 3585 845 3638 Oe
930 3586 1063 3655 iungitS,
1090 3585 1212 3656 adiungit
1229 3587 1344 3643 MVLO

281 3665 432 3736 idomino]
451 3667 500 3722 deo
519 3669 637 3724 omo
736 3671 827 3740 tout]
846 3686 880 3724 err
902 3669 973 3726 VGo
1076 3673 1199 3740 quoniam
1217 3673 1268 3728 So:
1298 3675 1358 3743 quie
1376 3675 1415 3728 M

289 3753 364 3809 no
464 3757 479 3808 'i
506 3757 632 3823 templum
659 3757 700 3809 est
727 3756 850 3821 SMVL,
880 3759 1006 3826 templum
1034 3761 1095 3811 sunt
1122 3759 1164 3812 Co
1267 3761 1284 3813 9
1309 3761 1412 3829 prestio

281 3840 344 3911 (oio
363 3841 395 3910 V)
414 3841 536 3908 SMVO,
565 3842 653 3911 precio
672 3843 711 3904 L;
741 3843 807 3896 odd.
832 3859 929 3912 magno
953 3843 990 3896 Μ
994 3843 1080 3898 VLOo
1182 3845 1269 3900 toilite
1293 3846 1324 3910 S,
1354 3861 1412 3915 por·

280 3929 339 3980 teto
357 3927 503 3998 MVLCo·
589 3927 667 3980 deum
688 3929 793 3984 V‘LGo
897 3929 929 3982 12
950 3929 1076 3983 iheremia
1094 3931 1164 3997 (sere
1182 3934 1298 4001 smper)
1322 3933 1345 3987 0

283 4013 316 4066 13
338 4013 472 4082 legistin
491 4018 557 4081 (rae.
577 4015 661 4082 mese)
684 4014 712 4068 L
814 4031 888 4068 mese
915 4031 965 4070 om.
996 4017 1019 4072 G
1121 4017 1154 4071 14
1180 4018 1275 4086 impios
1302 4021 1414 4087 Qerunt

283 4099 307 4154 S
405 4101 486 4168 impie
511 4115 563 4154 om.
590 4101 626 4154 Μ
736 4101 823 4154 uerba
848 4101 1334 4156 Item-Horribiiie--futsrrom
1360 4119 1412 4158 om.

289 4185 315 4238 V
412 4185 459 4240 ubi
480 4203 558 4255 supro
581 4187 667 4241 ΜΗ)
766 4186 908 4242 horrebilio
932 4188 956 4242 S
1055 4189 1088 4242 15
1111 4188 1230 4257 profetae
1253 4189 1413 4258 prophetent

284 4270 307 4326 S
404 4273 510 4342 iniquae
529 4271 588 4326 SM
689 4273 722 4327 16
740 4272 886 4328 dilexerunt
903 4274 944 4328 L:
974 4273 1094 4330 dixerunt
1113 4275 1140 4340 S,
1167 4274 1288 4330 delerent
1304 4275 1346 4344 Μ,
1373 4275 1413 4329 di-

283 4355 348 4410 lexit
366 4357 403 4412 Co
