<?xml version="1.0" encoding="UTF-8"?>
<!DOCTYPE html PUBLIC "-//W3C//DTD XHTML 1.0 Transitional//EN"
    "http://www.w3.org/TR/xhtml1/DTD/xhtml1-transitional.dtd">
<html xmlns="http://www.w3.org/1999/xhtml" xml:lang="en" lang="en">
 <head>
  <title>
</title>
<meta http-equiv="Content-Type" content="text/html;charset=utf-8" />
  <meta name='ocr-system' content='tesseract 3.04.00' />
  <meta name='ocr-capabilities' content='ocr_page ocr_carea ocr_par ocr_line ocrx_word'/>
</head>
<body>
  <div class='ocr_page' id='page_1' title='image "./corpusscriptoru19wissgoog_0393.png"; bbox 0 0 3159 4967; ppageno 0'>
   <div class='ocr_carea' id='block_1_1' title="bbox 393 428 1301 499">
    <p class='ocr_par' dir='ltr' id='par_1_1' title="bbox 393 428 1301 499">
     <span class='ocr_line' id='line_1_1' title="bbox 393 428 1301 499; baseline -0.003 -14"><span class='ocrx_word' id='word_1_1' title='bbox 393 432 440 486; x_wconf 86' lang='lat' dir='ltr'><strong>Da</strong></span> <span class='ocrx_word' id='word_1_2' title='bbox 457 430 584 487; x_wconf 86' lang='lat' dir='ltr'><strong>diuinis</strong></span> <span class='ocrx_word' id='word_1_3' title='bbox 602 430 784 499; x_wconf 84' lang='lat' dir='ltr'><strong>seripturis</strong></span> <span class='ocrx_word' id='word_1_4' title='bbox 801 428 875 483; x_wconf 86' lang='lat' dir='ltr'><strong>elne</strong></span> <span class='ocrx_word' id='word_1_5' title='bbox 895 430 1077 499; x_wconf 78' lang='lat' dir='ltr'><strong>Speculum.</strong></span> <span class='ocrx_word' id='word_1_6' title='bbox 1235 428 1301 496; x_wconf 66' lang='lat' dir='ltr'><strong>3ae</strong></span> 
     </span>
    </p>
   </div>
   <div class='ocr_carea' id='block_1_2' title="bbox 133 617 1305 2455">
    <p class='ocr_par' dir='ltr' id='par_1_2' title="bbox 133 617 1305 2455">
     <span class='ocr_line' id='line_1_2' title="bbox 169 617 1299 705; baseline -0.004 -18"><span class='ocrx_word' id='word_1_7' title='bbox 169 622 209 687; x_wconf 93' lang='lat' dir='ltr'><strong>in</strong></span> <span class='ocrx_word' id='word_1_8' title='bbox 230 620 379 705; x_wconf 85' lang='lat' dir='ltr'><strong>psalmo</strong></span> <span class='ocrx_word' id='word_1_9' title='bbox 402 618 553 685; x_wconf 85' lang='lat' dir='ltr'>XXXVI:</span> <span class='ocrx_word' id='word_1_10' title='bbox 578 618 653 684; x_wconf 84' lang='lat' dir='ltr'><strong>Noli</strong></span> <span class='ocrx_word' id='word_1_11' title='bbox 675 617 829 684; x_wconf 87' lang='lat' dir='ltr'><strong>aemulari</strong></span> <span class='ocrx_word' id='word_1_12' title='bbox 849 617 932 683; x_wconf 89' lang='lat' dir='ltr'><strong>inter</strong></span> <span class='ocrx_word' id='word_1_13' title='bbox 952 617 1173 702; x_wconf 68' lang='lat' dir='ltr'><strong>malignatos,</strong></span> <span class='ocrx_word' id='word_1_14' title='bbox 1196 634 1299 700; x_wconf 88' lang='lat' dir='ltr'><strong>neque</strong></span> 
     </span>
     <span class='ocr_line' id='line_1_3' title="bbox 171 720 1299 804; baseline -0.004 -14"><span class='ocrx_word' id='word_1_15' title='bbox 171 724 349 791; x_wconf 77' lang='lat' dir='ltr'><strong>aemulatus</strong></span> <span class='ocrx_word' id='word_1_16' title='bbox 381 723 480 789; x_wconf 83' lang='lat' dir='ltr'><strong>fueris</strong></span> <span class='ocrx_word' id='word_1_17' title='bbox 512 721 665 789; x_wconf 75' lang='lat' dir='ltr'><strong>facientes</strong></span> <span class='ocrx_word' id='word_1_18' title='bbox 700 721 917 804; x_wconf 86' lang='lat' dir='ltr'><strong>iniquitatem:</strong></span> <span class='ocrx_word' id='word_1_19' title='bbox 954 720 1102 804; x_wconf 87' lang='lat' dir='ltr'><strong>queniam</strong></span> <span class='ocrx_word' id='word_1_20' title='bbox 1133 721 1299 803; x_wconf 88' lang='lat' dir='ltr'><strong>tamquam</strong></span> 
     </span>
     <span class='ocr_line' id='line_1_4' title="bbox 170 822 1301 906; baseline -0.004 -13"><span class='ocrx_word' id='word_1_21' title='bbox 170 828 297 893; x_wconf 91' lang='lat' dir='ltr'><strong>faenum</strong></span> <span class='ocrx_word' id='word_1_22' title='bbox 319 827 383 892; x_wconf 88' lang='lat' dir='ltr'><strong>eito</strong></span> <span class='ocrx_word' id='word_1_23' title='bbox 406 826 551 893; x_wconf 75' lang='lat' dir='ltr'><strong>arescent</strong></span> <span class='ocrx_word' id='word_1_24' title='bbox 573 825 606 890; x_wconf 87' lang='lat' dir='ltr'><strong>et</strong></span> <span class='ocrx_word' id='word_1_25' title='bbox 628 824 712 891; x_wconf 89' lang='lat' dir='ltr'><strong>sieut</strong></span> <span class='ocrx_word' id='word_1_26' title='bbox 732 824 843 890; x_wconf 87' lang='lat' dir='ltr'><strong>holera</strong></span> <span class='ocrx_word' id='word_1_27' title='bbox 856 823 946 906; x_wconf 63' lang='lat' dir='ltr'><strong>⁴prffl</strong></span> <span class='ocrx_word' id='word_1_28' title='bbox 968 823 1032 889; x_wconf 88' lang='lat' dir='ltr'><strong>aito</strong></span> <span class='ocrx_word' id='word_1_29' title='bbox 1046 822 1173 889; x_wconf 83' lang='lat' dir='ltr'><strong>eadent</strong></span> <span class='ocrx_word' id='word_1_30' title='bbox 1206 841 1301 906; x_wconf 88' lang='lat' dir='ltr'><strong>spera</strong></span> 
     </span>
     <span class='ocr_line' id='line_1_5' title="bbox 170 926 1300 1010; baseline -0.004 -15"><span class='ocrx_word' id='word_1_31' title='bbox 170 931 202 995; x_wconf 93' lang='lat' dir='ltr'><strong>in</strong></span> <span class='ocrx_word' id='word_1_32' title='bbox 226 928 352 996; x_wconf 88' lang='lat' dir='ltr'><strong>domiue</strong></span> <span class='ocrx_word' id='word_1_33' title='bbox 376 929 409 994; x_wconf 90' lang='lat' dir='ltr'><strong>et</strong></span> <span class='ocrx_word' id='word_1_34' title='bbox 429 930 479 994; x_wconf 85' lang='lat' dir='ltr'><strong>fae</strong></span> <span class='ocrx_word' id='word_1_35' title='bbox 501 928 677 995; x_wconf 89' lang='lat' dir='ltr'><strong>benitatem</strong></span> <span class='ocrx_word' id='word_1_36' title='bbox 700 926 733 992; x_wconf 92' lang='lat' dir='ltr'><strong>ot</strong></span> <span class='ocrx_word' id='word_1_37' title='bbox 753 926 899 992; x_wconf 86' lang='lat' dir='ltr'><strong>inhabita</strong></span> <span class='ocrx_word' id='word_1_38' title='bbox 917 926 1037 991; x_wconf 84' lang='lat' dir='ltr'><strong>terram</strong></span> <span class='ocrx_word' id='word_1_39' title='bbox 1059 927 1245 1010; x_wconf 86' lang='lat' dir='ltr'><strong>etpaseeris</strong></span> <span class='ocrx_word' id='word_1_40' title='bbox 1266 926 1300 991; x_wconf 90' lang='lat' dir='ltr'><strong>iu</strong></span> 
     </span>
     <span class='ocr_line' id='line_1_6' title="bbox 145 1028 1301 1113; baseline -0.001 -18"><span class='ocrx_word' id='word_1_41' title='bbox 145 1032 291 1099; x_wconf 81' lang='lat' dir='ltr'><strong>sdiuitiis</strong></span> <span class='ocrx_word' id='word_1_42' title='bbox 325 1033 402 1098; x_wconf 91' lang='lat' dir='ltr'><strong>eius.</strong></span> <span class='ocrx_word' id='word_1_43' title='bbox 441 1032 601 1098; x_wconf 84' lang='lat' dir='ltr'><strong>delectare</strong></span> <span class='ocrx_word' id='word_1_44' title='bbox 629 1030 662 1095; x_wconf 91' lang='lat' dir='ltr'><strong>in</strong></span> <span class='ocrx_word' id='word_1_45' title='bbox 692 1029 818 1096; x_wconf 88' lang='lat' dir='ltr'><strong>demine</strong></span> <span class='ocrx_word' id='word_1_46' title='bbox 849 1030 882 1094; x_wconf 89' lang='lat' dir='ltr'><strong>et</strong></span> <span class='ocrx_word' id='word_1_47' title='bbox 911 1028 1000 1096; x_wconf 86' lang='lat' dir='ltr'><strong>dabit</strong></span> <span class='ocrx_word' id='word_1_48' title='bbox 1024 1029 1084 1095; x_wconf 86' lang='lat' dir='ltr'><strong>tibi</strong></span> <span class='ocrx_word' id='word_1_49' title='bbox 1115 1029 1301 1113; x_wconf 82' lang='lat' dir='ltr'><strong>petitionem</strong></span> 
     </span>
     <span class='ocr_line' id='line_1_7' title="bbox 171 1132 1301 1216; baseline -0.002 -15"><span class='ocrx_word' id='word_1_50' title='bbox 171 1135 276 1202; x_wconf 83' lang='lat' dir='ltr'><strong>cordis</strong></span> <span class='ocrx_word' id='word_1_51' title='bbox 302 1134 360 1201; x_wconf 85' lang='lat' dir='ltr'><strong>tui.</strong></span> <span class='ocrx_word' id='word_1_52' title='bbox 396 1134 508 1201; x_wconf 88' lang='lat' dir='ltr'><strong>reuela</strong></span> <span class='ocrx_word' id='word_1_53' title='bbox 530 1134 570 1199; x_wconf 95' lang='lat' dir='ltr'><strong>ad</strong></span> <span class='ocrx_word' id='word_1_54' title='bbox 593 1133 753 1200; x_wconf 88' lang='lat' dir='ltr'><strong>deminum</strong></span> <span class='ocrx_word' id='word_1_55' title='bbox 773 1132 861 1197; x_wconf 83' lang='lat' dir='ltr'><strong>uiam</strong></span> <span class='ocrx_word' id='word_1_56' title='bbox 882 1132 973 1198; x_wconf 82' lang='lat' dir='ltr'><strong>tuam</strong></span> <span class='ocrx_word' id='word_1_57' title='bbox 996 1133 1030 1197; x_wconf 89' lang='lat' dir='ltr'><strong>et</strong></span> <span class='ocrx_word' id='word_1_58' title='bbox 1048 1150 1143 1216; x_wconf 81' lang='lat' dir='ltr'><strong>spera</strong></span> <span class='ocrx_word' id='word_1_59' title='bbox 1162 1133 1195 1197; x_wconf 93' lang='lat' dir='ltr'><strong>in</strong></span> <span class='ocrx_word' id='word_1_60' title='bbox 1217 1153 1301 1213; x_wconf 80' lang='lat' dir='ltr'><strong>enm,</strong></span> 
     </span>
     <span class='ocr_line' id='line_1_8' title="bbox 172 1234 1304 1321; baseline -0.003 -17"><span class='ocrx_word' id='word_1_61' title='bbox 172 1239 205 1304; x_wconf 92' lang='lat' dir='ltr'><strong>et</strong></span> <span class='ocrx_word' id='word_1_62' title='bbox 235 1238 305 1321; x_wconf 81' lang='lat' dir='ltr'><strong>ipse</strong></span> <span class='ocrx_word' id='word_1_63' title='bbox 336 1238 442 1304; x_wconf 82' lang='lat' dir='ltr'><strong>faeiat</strong></span> <span class='ocrx_word' id='word_1_64' title='bbox 485 1237 518 1303; x_wconf 93' lang='lat' dir='ltr'><strong>et</strong></span> <span class='ocrx_word' id='word_1_65' title='bbox 551 1237 666 1303; x_wconf 84' lang='lat' dir='ltr'><strong>educet</strong></span> <span class='ocrx_word' id='word_1_66' title='bbox 698 1234 782 1301; x_wconf 74' lang='lat' dir='ltr'><strong>sieut</strong></span> <span class='ocrx_word' id='word_1_67' title='bbox 813 1234 922 1301; x_wconf 90' lang='lat' dir='ltr'><strong>lumen</strong></span> <span class='ocrx_word' id='word_1_68' title='bbox 955 1236 1113 1301; x_wconf 80' lang='lat' dir='ltr'><strong>iustitiam</strong></span> <span class='ocrx_word' id='word_1_69' title='bbox 1147 1236 1237 1301; x_wconf 86' lang='lat' dir='ltr'><strong>tuam</strong></span> <span class='ocrx_word' id='word_1_70' title='bbox 1270 1238 1304 1302; x_wconf 84' lang='lat' dir='ltr'><strong>et</strong></span> 
     </span>
     <span class='ocr_line' id='line_1_9' title="bbox 172 1338 1305 1407; baseline -0.001 0"><span class='ocrx_word' id='word_1_71' title='bbox 172 1341 325 1407; x_wconf 78' lang='lat' dir='ltr'><strong>iudicium</strong></span> <span class='ocrx_word' id='word_1_72' title='bbox 356 1342 447 1407; x_wconf 90' lang='lat' dir='ltr'><strong>tuum</strong></span> <span class='ocrx_word' id='word_1_73' title='bbox 481 1342 565 1407; x_wconf 90' lang='lat' dir='ltr'><strong>sieut</strong></span> <span class='ocrx_word' id='word_1_74' title='bbox 599 1340 785 1407; x_wconf 77' lang='lat' dir='ltr'><strong>meridiem:</strong></span> <span class='ocrx_word' id='word_1_75' title='bbox 823 1338 971 1406; x_wconf 86' lang='lat' dir='ltr'><strong>subditus</strong></span> <span class='ocrx_word' id='word_1_76' title='bbox 1004 1340 1074 1405; x_wconf 87' lang='lat' dir='ltr'><strong>este</strong></span> <span class='ocrx_word' id='word_1_77' title='bbox 1111 1340 1236 1406; x_wconf 89' lang='lat' dir='ltr'><strong>demine</strong></span> <span class='ocrx_word' id='word_1_78' title='bbox 1271 1342 1305 1406; x_wconf 91' lang='lat' dir='ltr'><strong>et</strong></span> 
     </span>
     <span class='ocr_line' id='line_1_10' title="bbox 173 1443 1301 1537; baseline -0.001 -27"><span class='ocrx_word' id='word_1_79' title='bbox 173 1444 305 1511; x_wconf 87' lang='lat' dir='ltr'><strong>ebseera</strong></span> <span class='ocrx_word' id='word_1_80' title='bbox 325 1464 407 1512; x_wconf 89' lang='lat' dir='ltr'><strong>eum.</strong></span> <span class='ocrx_word' id='word_1_81' title='bbox 445 1444 511 1511; x_wconf 87' lang='lat' dir='ltr'><strong>noli</strong></span> <span class='ocrx_word' id='word_1_82' title='bbox 534 1443 687 1511; x_wconf 84' lang='lat' dir='ltr'><strong>aemulari</strong></span> <span class='ocrx_word' id='word_1_83' title='bbox 713 1462 786 1509; x_wconf 89' lang='lat' dir='ltr'><strong>eum</strong></span> <span class='ocrx_word' id='word_1_84' title='bbox 809 1444 865 1526; x_wconf 88' lang='lat' dir='ltr'><strong>qni</strong></span> <span class='ocrx_word' id='word_1_85' title='bbox 885 1443 1089 1526; x_wconf 84' lang='lat' dir='ltr'><strong>prosperatur</strong></span> <span class='ocrx_word' id='word_1_86' title='bbox 1109 1444 1143 1509; x_wconf 93' lang='lat' dir='ltr'><strong>in</strong></span> <span class='ocrx_word' id='word_1_87' title='bbox 1164 1443 1220 1508; x_wconf 87' lang='lat' dir='ltr'><strong>nia</strong></span> <span class='ocrx_word' id='word_1_88' title='bbox 1233 1462 1301 1537; x_wconf 84' lang='lat' dir='ltr'><strong>sna,</strong></span> 
     </span>
     <span class='ocr_line' id='line_1_11' title="bbox 133 1547 1303 1631; baseline -0.002 -16"><span class='ocrx_word' id='word_1_89' title='bbox 133 1547 204 1615; x_wconf 81' lang='lat' dir='ltr'><strong>rein</strong></span> <span class='ocrx_word' id='word_1_90' title='bbox 237 1549 362 1615; x_wconf 89' lang='lat' dir='ltr'><strong>homino</strong></span> <span class='ocrx_word' id='word_1_91' title='bbox 389 1548 525 1614; x_wconf 74' lang='lat' dir='ltr'><strong>faciente</strong></span> <span class='ocrx_word' id='word_1_92' title='bbox 558 1548 768 1631; x_wconf 84' lang='lat' dir='ltr'><strong>iniquitatem.</strong></span> <span class='ocrx_word' id='word_1_93' title='bbox 817 1547 865 1612; x_wconf 88' lang='lat' dir='ltr'><strong>Ne</strong></span> <span class='ocrx_word' id='word_1_94' title='bbox 894 1547 1072 1625; x_wconf 82' lang='lat' dir='ltr'><strong>aemuleris,</strong></span> <span class='ocrx_word' id='word_1_95' title='bbox 1099 1548 1138 1612; x_wconf 89' lang='lat' dir='ltr'><strong>ut</strong></span> <span class='ocrx_word' id='word_1_96' title='bbox 1162 1547 1303 1631; x_wconf 81' lang='lat' dir='ltr'><strong>maligne</strong></span> 
     </span>
     <span class='ocr_line' id='line_1_12' title="bbox 172 1648 1303 1735; baseline 0 -20"><span class='ocrx_word' id='word_1_97' title='bbox 172 1648 282 1731; x_wconf 80' lang='lat' dir='ltr'><strong>fanias,</strong></span> <span class='ocrx_word' id='word_1_98' title='bbox 316 1652 392 1735; x_wconf 86' lang='lat' dir='ltr'><strong>quia</strong></span> <span class='ocrx_word' id='word_1_99' title='bbox 418 1652 471 1735; x_wconf 87' lang='lat' dir='ltr'><strong>qui</strong></span> <span class='ocrx_word' id='word_1_100' title='bbox 504 1652 613 1735; x_wconf 82' lang='lat' dir='ltr'><strong>iniquo</strong></span> <span class='ocrx_word' id='word_1_101' title='bbox 646 1651 744 1735; x_wconf 87' lang='lat' dir='ltr'><strong>agunt</strong></span> <span class='ocrx_word' id='word_1_102' title='bbox 778 1650 1078 1730; x_wconf 77' lang='lat' dir='ltr'><strong>exterminabuntur,</strong></span> <span class='ocrx_word' id='word_1_103' title='bbox 1110 1649 1303 1717; x_wconf 79' lang='lat' dir='ltr'><strong>sustinentes</strong></span> 
     </span>
     <span class='ocr_line' id='line_1_13' title="bbox 175 1753 1303 1838; baseline 0 -20"><span class='ocrx_word' id='word_1_104' title='bbox 175 1755 281 1821; x_wconf 91' lang='lat' dir='ltr'><strong>autem</strong></span> <span class='ocrx_word' id='word_1_105' title='bbox 309 1754 469 1821; x_wconf 88' lang='lat' dir='ltr'><strong>dominum</strong></span> <span class='ocrx_word' id='word_1_106' title='bbox 495 1754 702 1838; x_wconf 86' lang='lat' dir='ltr'><strong>possidebunt</strong></span> <span class='ocrx_word' id='word_1_107' title='bbox 732 1754 860 1820; x_wconf 82' lang='lat' dir='ltr'><strong>terram</strong></span> <span class='ocrx_word' id='word_1_108' title='bbox 899 1755 933 1820; x_wconf 89' lang='lat' dir='ltr'><strong>et</strong></span> <span class='ocrx_word' id='word_1_109' title='bbox 959 1753 1063 1820; x_wconf 86' lang='lat' dir='ltr'><strong>adhue</strong></span> <span class='ocrx_word' id='word_1_110' title='bbox 1091 1754 1241 1837; x_wconf 86' lang='lat' dir='ltr'><strong>pusillum</strong></span> <span class='ocrx_word' id='word_1_111' title='bbox 1270 1754 1303 1819; x_wconf 90' lang='lat' dir='ltr'><strong>et</strong></span> 
     </span>
     <span class='ocr_line' id='line_1_14' title="bbox 174 1857 1301 1942; baseline -0.001 -19"><span class='ocrx_word' id='word_1_112' title='bbox 174 1876 234 1923; x_wconf 89' lang='lat' dir='ltr'><strong>nen</strong></span> <span class='ocrx_word' id='word_1_113' title='bbox 261 1857 322 1925; x_wconf 89' lang='lat' dir='ltr'><strong>erit</strong></span> <span class='ocrx_word' id='word_1_114' title='bbox 346 1858 494 1942; x_wconf 84' lang='lat' dir='ltr'><strong>peooator</strong></span> <span class='ocrx_word' id='word_1_115' title='bbox 525 1858 557 1924; x_wconf 86' lang='lat' dir='ltr'><strong>et</strong></span> <span class='ocrx_word' id='word_1_116' title='bbox 590 1876 723 1941; x_wconf 78' lang='lat' dir='ltr'><strong>quaeres</strong></span> <span class='ocrx_word' id='word_1_117' title='bbox 751 1858 858 1923; x_wconf 84' lang='lat' dir='ltr'><strong>lesum</strong></span> <span class='ocrx_word' id='word_1_118' title='bbox 888 1858 957 1923; x_wconf 88' lang='lat' dir='ltr'><strong>eius</strong></span> <span class='ocrx_word' id='word_1_119' title='bbox 990 1860 1024 1924; x_wconf 89' lang='lat' dir='ltr'><strong>et</strong></span> <span class='ocrx_word' id='word_1_120' title='bbox 1053 1878 1116 1925; x_wconf 90' lang='lat' dir='ltr'><strong>non</strong></span> <span class='ocrx_word' id='word_1_121' title='bbox 1147 1859 1301 1924; x_wconf 91' lang='lat' dir='ltr'><strong>inuenies.</strong></span> 
     </span>
     <span class='ocr_line' id='line_1_15' title="bbox 173 1960 1302 2045; baseline 0.002 -20"><span class='ocrx_word' id='word_1_122' title='bbox 173 1961 330 2026; x_wconf 85' lang='lat' dir='ltr'><strong>mansueti</strong></span> <span class='ocrx_word' id='word_1_123' title='bbox 354 1962 460 2027; x_wconf 84' lang='lat' dir='ltr'><strong>autom</strong></span> <span class='ocrx_word' id='word_1_124' title='bbox 481 1960 688 2045; x_wconf 89' lang='lat' dir='ltr'><strong>possidebunt</strong></span> <span class='ocrx_word' id='word_1_125' title='bbox 703 1961 822 2027; x_wconf 88' lang='lat' dir='ltr'><strong>terram</strong></span> <span class='ocrx_word' id='word_1_126' title='bbox 840 1962 873 2026; x_wconf 90' lang='lat' dir='ltr'><strong>et</strong></span> <span class='ocrx_word' id='word_1_127' title='bbox 888 1960 1130 2028; x_wconf 80' lang='lat' dir='ltr'><strong>delectabuntur</strong></span> <span class='ocrx_word' id='word_1_128' title='bbox 1143 1962 1176 2026; x_wconf 91' lang='lat' dir='ltr'><strong>in</strong></span> <span class='ocrx_word' id='word_1_129' title='bbox 1189 1961 1302 2027; x_wconf 90' lang='lat' dir='ltr'><strong>multi·</strong></span> 
     </span>
     <span class='ocr_line' id='line_1_16' title="bbox 136 2063 1303 2148; baseline -0.001 -17"><span class='ocrx_word' id='word_1_130' title='bbox 136 2063 284 2131; x_wconf 73' lang='lat' dir='ltr'><strong>:etudine</strong></span> <span class='ocrx_word' id='word_1_131' title='bbox 305 2063 403 2146; x_wconf 87' lang='lat' dir='ltr'><strong>paeis.</strong></span> <span class='ocrx_word' id='word_1_132' title='bbox 448 2063 478 2129; x_wconf 81' lang='grc' dir='ltr'><strong>Α</strong></span> <span class='ocrx_word' id='word_1_133' title='bbox 501 2063 626 2130; x_wconf 89' lang='lat' dir='ltr'><strong>domine</strong></span> <span class='ocrx_word' id='word_1_134' title='bbox 654 2082 783 2148; x_wconf 77' lang='lat' dir='ltr'><strong>groseas</strong></span> <span class='ocrx_word' id='word_1_135' title='bbox 805 2064 941 2130; x_wconf 88' lang='lat' dir='ltr'><strong>hominis</strong></span> <span class='ocrx_word' id='word_1_136' title='bbox 963 2064 1140 2148; x_wconf 80' lang='lat' dir='ltr'><strong>diriguntur</strong></span> <span class='ocrx_word' id='word_1_137' title='bbox 1163 2065 1195 2130; x_wconf 88' lang='lat' dir='ltr'><strong>et</strong></span> <span class='ocrx_word' id='word_1_138' title='bbox 1216 2066 1303 2130; x_wconf 90' lang='lat' dir='ltr'><strong>uiam</strong></span> 
     </span>
     <span class='ocr_line' id='line_1_17' title="bbox 175 2166 1304 2249; baseline 0.002 -18"><span class='ocrx_word' id='word_1_139' title='bbox 175 2166 244 2231; x_wconf 89' lang='lat' dir='ltr'><strong>eins</strong></span> <span class='ocrx_word' id='word_1_140' title='bbox 265 2166 373 2249; x_wconf 87' lang='lat' dir='ltr'><strong>eupiet</strong></span> <span class='ocrx_word' id='word_1_141' title='bbox 393 2167 495 2234; x_wconf 90' lang='lat' dir='ltr'><strong>nimis.</strong></span> <span class='ocrx_word' id='word_1_142' title='bbox 538 2166 671 2233; x_wconf 87' lang='lat' dir='ltr'><strong>Deolina</strong></span> <span class='ocrx_word' id='word_1_143' title='bbox 694 2186 713 2231; x_wconf 91' lang='lat' dir='ltr'><strong>a</strong></span> <span class='ocrx_word' id='word_1_144' title='bbox 732 2166 818 2232; x_wconf 85' lang='lat' dir='ltr'><strong>muln</strong></span> <span class='ocrx_word' id='word_1_145' title='bbox 841 2166 874 2232; x_wconf 92' lang='lat' dir='ltr'><strong>et</strong></span> <span class='ocrx_word' id='word_1_146' title='bbox 895 2166 945 2232; x_wconf 83' lang='lat' dir='ltr'><strong>fae</strong></span> <span class='ocrx_word' id='word_1_147' title='bbox 967 2167 1085 2233; x_wconf 89' lang='lat' dir='ltr'><strong>bonnm</strong></span> <span class='ocrx_word' id='word_1_148' title='bbox 1108 2168 1141 2235; x_wconf 94' lang='lat' dir='ltr'><strong>et</strong></span> <span class='ocrx_word' id='word_1_149' title='bbox 1161 2168 1304 2234; x_wconf 87' lang='lat' dir='ltr'><strong>inhabita</strong></span> 
     </span>
     <span class='ocr_line' id='line_1_18' title="bbox 174 2267 1303 2354; baseline 0.003 -22"><span class='ocrx_word' id='word_1_150' title='bbox 174 2267 360 2334; x_wconf 84' lang='lat' dir='ltr'><strong>insaecula</strong></span> <span class='ocrx_word' id='word_1_151' title='bbox 388 2270 597 2336; x_wconf 83' lang='lat' dir='ltr'><strong>saeculorum.</strong></span> <span class='ocrx_word' id='word_1_152' title='bbox 644 2269 776 2335; x_wconf 78' lang='lat' dir='ltr'><strong>Custodi</strong></span> <span class='ocrx_word' id='word_1_153' title='bbox 805 2270 1016 2335; x_wconf 83' lang='lat' dir='ltr'><strong>innocentiam</strong></span> <span class='ocrx_word' id='word_1_154' title='bbox 1040 2271 1073 2336; x_wconf 93' lang='lat' dir='ltr'><strong>et</strong></span> <span class='ocrx_word' id='word_1_155' title='bbox 1093 2271 1168 2336; x_wconf 85' lang='lat' dir='ltr'><strong>uide</strong></span> <span class='ocrx_word' id='word_1_156' title='bbox 1192 2271 1303 2354; x_wconf 86' lang='lat' dir='ltr'><strong>aequi-</strong></span> 
     </span>
     <span class='ocr_line' id='line_1_19' title="bbox 174 2369 1304 2455; baseline 0.002 -21"><span class='ocrx_word' id='word_1_157' title='bbox 174 2369 285 2451; x_wconf 85' lang='lat' dir='ltr'><strong>tatem,</strong></span> <span class='ocrx_word' id='word_1_158' title='bbox 320 2372 468 2455; x_wconf 84' lang='lat' dir='ltr'><strong>queniam</strong></span> <span class='ocrx_word' id='word_1_159' title='bbox 502 2373 577 2438; x_wconf 87' lang='lat' dir='ltr'><strong>sunt</strong></span> <span class='ocrx_word' id='word_1_160' title='bbox 608 2371 761 2455; x_wconf 80' lang='lat' dir='ltr'><strong>reliquiae</strong></span> <span class='ocrx_word' id='word_1_161' title='bbox 794 2372 924 2437; x_wconf 67' lang='lat' dir='ltr'><strong>homini·</strong></span> <span class='ocrx_word' id='word_1_162' title='bbox 943 2371 1087 2455; x_wconf 82' lang='lat' dir='ltr'><strong>panidos.</strong></span> <span class='ocrx_word' id='word_1_163' title='bbox 1131 2374 1230 2438; x_wconf 85' lang='lat' dir='ltr'><strong>Item</strong></span> <span class='ocrx_word' id='word_1_164' title='bbox 1264 2372 1304 2437; x_wconf 91' lang='lat' dir='ltr'><strong>in</strong></span> 
     </span>
    </p>
   </div>
   <div class='ocr_carea' id='block_1_3' title="bbox 172 2472 1307 2558">
    <p class='ocr_par' dir='ltr' id='par_1_3' title="bbox 172 2472 1307 2558">
     <span class='ocr_line' id='line_1_20' title="bbox 172 2472 1307 2558; baseline 0.002 -21"><span class='ocrx_word' id='word_1_165' title='bbox 172 2472 328 2555; x_wconf 84' lang='lat' dir='ltr'><strong>psalmo</strong></span> <span class='ocrx_word' id='word_1_166' title='bbox 350 2472 452 2539; x_wconf 79' lang='lat' dir='ltr'><strong>XLV:</strong></span> <span class='ocrx_word' id='word_1_167' title='bbox 474 2474 596 2540; x_wconf 86' lang='lat' dir='ltr'><strong>Vaeate</strong></span> <span class='ocrx_word' id='word_1_168' title='bbox 621 2473 653 2538; x_wconf 90' lang='lat' dir='ltr'><strong>et</strong></span> <span class='ocrx_word' id='word_1_169' title='bbox 674 2472 781 2537; x_wconf 83' lang='lat' dir='ltr'><strong>uidete</strong></span> <span class='ocrx_word' id='word_1_170' title='bbox 805 2473 951 2556; x_wconf 87' lang='lat' dir='ltr'><strong>queniam</strong></span> <span class='ocrx_word' id='word_1_171' title='bbox 974 2493 1033 2558; x_wconf 83' lang='lat' dir='ltr'><strong>ege</strong></span> <span class='ocrx_word' id='word_1_172' title='bbox 1056 2494 1126 2541; x_wconf 93' lang='lat' dir='ltr'><strong>sum</strong></span> <span class='ocrx_word' id='word_1_173' title='bbox 1149 2473 1307 2542; x_wconf 83' lang='lat' dir='ltr'><strong>deminus·</strong></span> 
     </span>
    </p>
   </div>
   <div class='ocr_carea' id='block_1_4' title="bbox 132 2648 1359 2812">
    <p class='ocr_par' dir='ltr' id='par_1_4' title="bbox 132 2648 1359 2812">
     <span class='ocr_line' id='line_1_21' title="bbox 132 2648 1359 2726; baseline -0.005 -13"><span class='ocrx_word' id='word_1_174' title='bbox 132 2651 305 2713; x_wconf 62' lang='lat' dir='ltr'><strong>anemoria</strong></span> <span class='ocrx_word' id='word_1_175' title='bbox 333 2665 437 2712; x_wconf 88' lang='lat' dir='ltr'><strong>eornm.</strong></span> <span class='ocrx_word' id='word_1_176' title='bbox 480 2651 520 2709; x_wconf 94' lang='lat' dir='ltr'><strong>In</strong></span> <span class='ocrx_word' id='word_1_177' title='bbox 549 2648 680 2711; x_wconf 74' lang='lat' dir='ltr'>XXXVI:</span> <span class='ocrx_word' id='word_1_178' title='bbox 707 2649 773 2709; x_wconf 82' lang='lat' dir='ltr'><strong>Noli</strong></span> <span class='ocrx_word' id='word_1_179' title='bbox 802 2650 919 2709; x_wconf 80' lang='lat' dir='ltr'><strong>emulari</strong></span> <span class='ocrx_word' id='word_1_180' title='bbox 947 2666 1060 2726; x_wconf 87' lang='lat' dir='ltr'><strong>usqne</strong></span> <span class='ocrx_word' id='word_1_181' title='bbox 1082 2651 1215 2726; x_wconf 84' lang='lat' dir='ltr'><strong>queniam</strong></span> <span class='ocrx_word' id='word_1_182' title='bbox 1237 2652 1305 2711; x_wconf 89' lang='lat' dir='ltr'><strong>sunt</strong></span> <span class='ocrx_word' id='word_1_183' title='bbox 1334 2665 1359 2707; x_wconf 84' lang='grc' dir='ltr'><strong>α</strong></span> 
     </span>
     <span class='ocr_line' id='line_1_22' title="bbox 173 2733 1304 2812; baseline 0.002 -17"><span class='ocrx_word' id='word_1_184' title='bbox 173 2734 308 2810; x_wconf 78' lang='lat' dir='ltr'><strong>reliquiae</strong></span> <span class='ocrx_word' id='word_1_185' title='bbox 329 2733 437 2796; x_wconf 78' lang='lat' dir='ltr'><strong>homini</strong></span> <span class='ocrx_word' id='word_1_186' title='bbox 457 2736 585 2812; x_wconf 77' lang='lat' dir='ltr'><strong>pacifico.</strong></span> <span class='ocrx_word' id='word_1_187' title='bbox 627 2736 667 2796; x_wconf 91' lang='lat' dir='ltr'><strong>In</strong></span> <span class='ocrx_word' id='word_1_188' title='bbox 688 2736 777 2797; x_wconf 84' lang='lat' dir='ltr'><strong>XLV:</strong></span> <span class='ocrx_word' id='word_1_189' title='bbox 803 2737 909 2797; x_wconf 81' lang='lat' dir='ltr'><strong>Vaaato</strong></span> <span class='ocrx_word' id='word_1_190' title='bbox 930 2738 960 2795; x_wconf 86' lang='lat' dir='ltr'><strong>et</strong></span> <span class='ocrx_word' id='word_1_191' title='bbox 979 2736 1074 2795; x_wconf 91' lang='lat' dir='ltr'><strong>uidete</strong></span> <span class='ocrx_word' id='word_1_192' title='bbox 1096 2737 1228 2811; x_wconf 88' lang='lat' dir='ltr'><strong>qnoniam</strong></span> <span class='ocrx_word' id='word_1_193' title='bbox 1249 2754 1304 2812; x_wconf 82' lang='lat' dir='ltr'><strong>ego</strong></span> 
     </span>
    </p>
   </div>
   <div class='ocr_carea' id='block_1_5' title="bbox 172 2908 1358 3071">
    <p class='ocr_par' dir='ltr' id='par_1_5' title="bbox 172 2908 1358 3071">
     <span class='ocr_line' id='line_1_23' title="bbox 172 2908 1358 2991; baseline 0.003 -23"><span class='ocrx_word' id='word_1_194' title='bbox 172 2910 213 2968; x_wconf 90' lang='lat' dir='ltr'><strong>In</strong></span> <span class='ocrx_word' id='word_1_195' title='bbox 240 2910 370 2971; x_wconf 82' lang='lat' dir='ltr'>XXXVIr</span> <span class='ocrx_word' id='word_1_196' title='bbox 399 2908 465 2971; x_wconf 81' lang='lat' dir='ltr'><strong>Noli</strong></span> <span class='ocrx_word' id='word_1_197' title='bbox 494 2908 612 2969; x_wconf 90' lang='lat' dir='ltr'><strong>emulari</strong></span> <span class='ocrx_word' id='word_1_198' title='bbox 639 2923 752 2985; x_wconf 81' lang='lat' dir='ltr'><strong>usque</strong></span> <span class='ocrx_word' id='word_1_199' title='bbox 781 2910 915 2985; x_wconf 88' lang='lat' dir='ltr'><strong>queniam</strong></span> <span class='ocrx_word' id='word_1_200' title='bbox 944 2912 1012 2970; x_wconf 88' lang='lat' dir='ltr'><strong>sunt</strong></span> <span class='ocrx_word' id='word_1_201' title='bbox 1039 2911 1174 2988; x_wconf 87' lang='lat' dir='ltr'><strong>reliquiae</strong></span> <span class='ocrx_word' id='word_1_202' title='bbox 1199 2912 1306 2972; x_wconf 87' lang='lat' dir='ltr'><strong>homini</strong></span> <span class='ocrx_word' id='word_1_203' title='bbox 1333 2933 1358 2991; x_wconf 83' lang='grc' dir='ltr'>μ</span> 
     </span>
     <span class='ocr_line' id='line_1_24' title="bbox 174 2994 1305 3071; baseline 0.003 -17"><span class='ocrx_word' id='word_1_204' title='bbox 174 2994 299 3071; x_wconf 79' lang='lat' dir='ltr'><strong>pacifico.</strong></span> <span class='ocrx_word' id='word_1_205' title='bbox 342 2995 383 3056; x_wconf 92' lang='lat' dir='ltr'><strong>In</strong></span> <span class='ocrx_word' id='word_1_206' title='bbox 415 2996 504 3058; x_wconf 84' lang='lat' dir='ltr'><strong>XLV:</strong></span> <span class='ocrx_word' id='word_1_207' title='bbox 532 2996 637 3057; x_wconf 83' lang='lat' dir='ltr'><strong>Vaeats</strong></span> <span class='ocrx_word' id='word_1_208' title='bbox 666 2998 695 3056; x_wconf 90' lang='lat' dir='ltr'><strong>et</strong></span> <span class='ocrx_word' id='word_1_209' title='bbox 721 2996 817 3057; x_wconf 87' lang='lat' dir='ltr'><strong>uidete</strong></span> <span class='ocrx_word' id='word_1_210' title='bbox 844 2995 976 3071; x_wconf 85' lang='lat' dir='ltr'><strong>qnoniam</strong></span> <span class='ocrx_word' id='word_1_211' title='bbox 1002 3014 1056 3071; x_wconf 78' lang='lat' dir='ltr'><strong>ego</strong></span> <span class='ocrx_word' id='word_1_212' title='bbox 1079 3014 1143 3057; x_wconf 89' lang='lat' dir='ltr'><strong>snm</strong></span> <span class='ocrx_word' id='word_1_213' title='bbox 1164 2997 1305 3059; x_wconf 87' lang='lat' dir='ltr'><strong>dominns.</strong></span> 
     </span>
    </p>
   </div>
   <div class='ocr_carea' id='block_1_6' title="bbox 278 3178 1104 3246">
    <p class='ocr_par' dir='ltr' id='par_1_6' title="bbox 278 3178 1104 3246">
     <span class='ocr_line' id='line_1_25' title="bbox 278 3178 1104 3246; baseline 0.001 -15"><span class='ocrx_word' id='word_1_214' title='bbox 278 3179 292 3232; x_wconf 91' lang='lat'>1</span> <span class='ocrx_word' id='word_1_215' title='bbox 311 3178 355 3233; x_wconf 90' lang='lat' dir='ltr'><strong>Ps.</strong></span> <span class='ocrx_word' id='word_1_216' title='bbox 373 3178 416 3246; x_wconf 74' lang='grc'><strong>86,</strong></span> <span class='ocrx_word' id='word_1_217' title='bbox 435 3178 511 3236; x_wconf 82' lang='grc'><strong>1-7.</strong></span> <span class='ocrx_word' id='word_1_218' title='bbox 529 3178 623 3237; x_wconf 85' lang='grc'><strong>8-11.</strong></span> <span class='ocrx_word' id='word_1_219' title='bbox 641 3178 683 3235; x_wconf 75' lang='lat'><strong>28.</strong></span> <span class='ocrx_word' id='word_1_220' title='bbox 700 3178 742 3234; x_wconf 78' lang='grc'><strong>27.</strong></span> <span class='ocrx_word' id='word_1_221' title='bbox 760 3178 795 3233; x_wconf 83' lang='grc'><strong>37</strong></span> <span class='ocrx_word' id='word_1_222' title='bbox 899 3179 933 3234; x_wconf 87' lang='lat'><strong>19</strong></span> <span class='ocrx_word' id='word_1_223' title='bbox 949 3179 994 3234; x_wconf 87' lang='lat' dir='ltr'><strong>Ps.</strong></span> <span class='ocrx_word' id='word_1_224' title='bbox 1011 3178 1055 3244; x_wconf 78' lang='lat'><strong>45,</strong></span> <span class='ocrx_word' id='word_1_225' title='bbox 1074 3180 1104 3233; x_wconf 92' lang='grc'><strong>11</strong></span> 
     </span>
    </p>
   </div>
   <div class='ocr_carea' id='block_1_7' title="bbox 174 3350 1308 3695">
    <p class='ocr_par' dir='ltr' id='par_1_7' title="bbox 174 3350 1308 3695">
     <span class='ocr_line' id='line_1_26' title="bbox 228 3350 1304 3422; baseline 0.004 -19"><span class='ocrx_word' id='word_1_226' title='bbox 228 3350 243 3403; x_wconf 98' lang='lat'>1</span> <span class='ocrx_word' id='word_1_227' title='bbox 260 3350 393 3405; x_wconf 81' lang='lat' dir='ltr'><strong>tricesimo</strong></span> <span class='ocrx_word' id='word_1_228' title='bbox 410 3351 484 3405; x_wconf 86' lang='lat' dir='ltr'><strong>sexto</strong></span> <span class='ocrx_word' id='word_1_229' title='bbox 503 3352 527 3406; x_wconf 82' lang='lat'><em>0</em></span> <span class='ocrx_word' id='word_1_230' title='bbox 605 3350 736 3405; x_wconf 83' lang='lat' dir='ltr'><strong>aemulare</strong></span> <span class='ocrx_word' id='word_1_231' title='bbox 754 3350 782 3405; x_wconf 92' lang='lat' dir='ltr'><strong><em>L</em></strong></span> <span class='ocrx_word' id='word_1_232' title='bbox 860 3351 890 3404; x_wconf 90' lang='lat' dir='ltr'><strong>in</strong></span> <span class='ocrx_word' id='word_1_233' title='bbox 907 3350 934 3405; x_wconf 97' lang='lat' dir='ltr'><strong><em>L</em></strong></span> <span class='ocrx_word' id='word_1_234' title='bbox 1013 3351 1032 3404; x_wconf 83' lang='lat'>2</span> <span class='ocrx_word' id='word_1_235' title='bbox 1049 3351 1196 3406; x_wconf 84' lang='lat' dir='ltr'><strong>aemulatus</strong></span> <span class='ocrx_word' id='word_1_236' title='bbox 1212 3351 1304 3422; x_wconf 67' lang='lat' dir='ltr'><strong>merie]</strong></span> 
     </span>
     <span class='ocr_line' id='line_1_27' title="bbox 174 3433 1305 3506; baseline 0.004 -18"><span class='ocrx_word' id='word_1_237' title='bbox 174 3433 302 3491; x_wconf 74' lang='lat' dir='ltr'><strong>sehuenis</strong></span> <span class='ocrx_word' id='word_1_238' title='bbox 315 3435 352 3491; x_wconf 82' lang='lat' dir='ltr'><strong>Oo</strong></span> <span class='ocrx_word' id='word_1_239' title='bbox 426 3452 477 3492; x_wconf 82' lang='lat' dir='ltr'><strong>om.</strong></span> <span class='ocrx_word' id='word_1_240' title='bbox 490 3435 618 3492; x_wconf 72' lang='lat' dir='ltr'><strong>ledentes</strong></span> <span class='ocrx_word' id='word_1_241' title='bbox 630 3438 658 3492; x_wconf 94' lang='lat' dir='ltr'><strong><em>L</em></strong></span> <span class='ocrx_word' id='word_1_242' title='bbox 734 3438 868 3506; x_wconf 81' lang='lat' dir='ltr'><strong>tamquam</strong></span> <span class='ocrx_word' id='word_1_243' title='bbox 882 3435 950 3505; x_wconf 71' lang='lat'><strong>800,</strong></span> <span class='ocrx_word' id='word_1_244' title='bbox 968 3437 1038 3491; x_wconf 84' lang='lat' dir='ltr'><strong>sieut</strong></span> <span class='ocrx_word' id='word_1_245' title='bbox 1048 3438 1136 3493; x_wconf 64' lang='grc' dir='ltr'><strong>ΜΠ,</strong></span> <span class='ocrx_word' id='word_1_246' title='bbox 1211 3436 1305 3493; x_wconf 80' lang='lat' dir='ltr'><strong>elenu</strong></span> 
     </span>
     <span class='ocr_line' id='line_1_28' title="bbox 177 3519 1237 3593; baseline 0.005 -18"><span class='ocrx_word' id='word_1_247' title='bbox 177 3520 276 3586; x_wconf 86' lang='lat' dir='ltr'><strong><em>MVL,</em></strong></span> <span class='ocrx_word' id='word_1_248' title='bbox 302 3519 409 3576; x_wconf 83' lang='lat' dir='ltr'><strong>foenum</strong></span> <span class='ocrx_word' id='word_1_249' title='bbox 427 3521 451 3577; x_wconf 79' lang='lat' dir='ltr'><strong><em>S</em></strong></span> <span class='ocrx_word' id='word_1_250' title='bbox 533 3524 598 3593; x_wconf 84' lang='lat' dir='ltr'><strong>cito]</strong></span> <span class='ocrx_word' id='word_1_251' title='bbox 615 3523 742 3579; x_wconf 86' lang='lat' dir='ltr'><strong>nelooiter</strong></span> <span class='ocrx_word' id='word_1_252' title='bbox 760 3522 804 3579; x_wconf 80' lang='lat' dir='ltr'><strong>Ge</strong></span> <span class='ocrx_word' id='word_1_253' title='bbox 895 3523 973 3593; x_wconf 84' lang='lat' dir='ltr'><strong>sieut]</strong></span> <span class='ocrx_word' id='word_1_254' title='bbox 992 3528 1041 3593; x_wconf 79' lang='lat' dir='ltr'><strong>que</strong></span> <span class='ocrx_word' id='word_1_255' title='bbox 1058 3523 1173 3579; x_wconf 87' lang='lat' dir='ltr'><strong>admedd</strong></span> <span class='ocrx_word' id='word_1_256' title='bbox 1192 3523 1237 3580; x_wconf 82' lang='lat' dir='ltr'><strong>Oe</strong></span> 
     </span>
     <span class='ocr_line' id='line_1_29' title="bbox 176 3602 1308 3695; baseline 0.005 -36"><span class='ocrx_word' id='word_1_257' title='bbox 176 3606 249 3660; x_wconf 87' lang='lat' dir='ltr'><strong>olera</strong></span> <span class='ocrx_word' id='word_1_258' title='bbox 265 3606 360 3673; x_wconf 81' lang='lat' dir='ltr'><strong><em>MLO,</em></strong></span> <span class='ocrx_word' id='word_1_259' title='bbox 386 3606 476 3663; x_wconf 86' lang='lat' dir='ltr'><strong>holere</strong></span> <span class='ocrx_word' id='word_1_260' title='bbox 497 3608 524 3665; x_wconf 87' lang='lat' dir='ltr'><em>V</em></span> <span class='ocrx_word' id='word_1_261' title='bbox 604 3609 676 3679; x_wconf 87' lang='lat' dir='ltr'><strong>prati</strong></span> <span class='ocrx_word' id='word_1_262' title='bbox 693 3602 764 3678; x_wconf 84' lang='lat' dir='ltr'><strong>ML,</strong></span> <span class='ocrx_word' id='word_1_263' title='bbox 789 3608 878 3695; x_wconf 70' lang='lat' dir='ltr'><strong>parati</strong></span> <span class='ocrx_word' id='word_1_264' title='bbox 899 3609 935 3665; x_wconf 86' lang='lat' dir='ltr'><strong>V:</strong></span> <span class='ocrx_word' id='word_1_265' title='bbox 959 3607 1074 3663; x_wconf 76' lang='lat' dir='ltr'><strong>herboni</strong></span> <span class='ocrx_word' id='word_1_266' title='bbox 1091 3610 1151 3667; x_wconf 70' lang='lat'><strong>800</strong></span> <span class='ocrx_word' id='word_1_267' title='bbox 1237 3609 1308 3665; x_wconf 85' lang='lat' dir='ltr'><strong>deei-</strong></span> 
     </span>
    </p>
   </div>
   <div class='ocr_carea' id='block_1_8' title="bbox 176 3707 1310 4440">
    <p class='ocr_par' dir='ltr' id='par_1_8' title="bbox 176 3707 1310 4440">
     <span class='ocr_line' id='line_1_30' title="bbox 177 3707 1310 3783; baseline 0.006 -20"><span class='ocrx_word' id='word_1_268' title='bbox 177 3707 285 3766; x_wconf 79' lang='lat' dir='ltr'><strong>uento</strong></span> <span class='ocrx_word' id='word_1_269' title='bbox 358 3710 447 3767; x_wconf 63' lang='lat' dir='ltr'><strong>uada</strong></span> <span class='ocrx_word' id='word_1_270' title='bbox 464 3728 542 3782; x_wconf 81' lang='lat' dir='ltr'><strong>spera</strong></span> <span class='ocrx_word' id='word_1_271' title='bbox 558 3730 647 3783; x_wconf 73' lang='lat' dir='ltr'><strong>sasque</strong></span> <span class='ocrx_word' id='word_1_272' title='bbox 664 3713 705 3769; x_wconf 79' lang='lat' dir='ltr'><strong>od</strong></span> <span class='ocrx_word' id='word_1_273' title='bbox 723 3713 778 3782; x_wconf 83' lang='grc'><strong>(19)</strong></span> <span class='ocrx_word' id='word_1_274' title='bbox 798 3728 847 3782; x_wconf 77' lang='lat' dir='ltr'><strong>ego</strong></span> <span class='ocrx_word' id='word_1_275' title='bbox 865 3729 922 3767; x_wconf 82' lang='lat' dir='ltr'><strong>amn</strong></span> <span class='ocrx_word' id='word_1_276' title='bbox 938 3712 1059 3768; x_wconf 84' lang='lat' dir='ltr'><strong>deminus</strong></span> <span class='ocrx_word' id='word_1_277' title='bbox 1076 3729 1128 3769; x_wconf 75' lang='lat' dir='ltr'><strong>erra</strong></span> <span class='ocrx_word' id='word_1_278' title='bbox 1147 3714 1171 3769; x_wconf 74' lang='grc' dir='ltr'>θ</span> <span class='ocrx_word' id='word_1_279' title='bbox 1244 3713 1310 3770; x_wconf 76' lang='lat' dir='ltr'><strong>ret</strong></span> 
     </span>
     <span class='ocr_line' id='line_1_31' title="bbox 177 3795 1308 3871; baseline 0.005 -22"><span class='ocrx_word' id='word_1_280' title='bbox 177 3800 244 3850; x_wconf 75' lang='lat' dir='ltr'><strong>arete</strong></span> <span class='ocrx_word' id='word_1_281' title='bbox 260 3795 383 3851; x_wconf 85' lang='lat' dir='ltr'><strong>inhabita</strong></span> <span class='ocrx_word' id='word_1_282' title='bbox 400 3812 451 3853; x_wconf 80' lang='lat' dir='ltr'><strong>om.</strong></span> <span class='ocrx_word' id='word_1_283' title='bbox 471 3797 495 3853; x_wconf 82' lang='lat'><em>0</em></span> <span class='ocrx_word' id='word_1_284' title='bbox 577 3799 754 3869; x_wconf 72' lang='lat' dir='ltr'><strong>institiones</strong></span> <span class='ocrx_word' id='word_1_285' title='bbox 773 3799 861 3868; x_wconf 83' lang='lat' dir='ltr'><strong>(petia</strong></span> <span class='ocrx_word' id='word_1_286' title='bbox 875 3798 908 3866; x_wconf 75' lang='grc'><strong>(1)</strong></span> <span class='ocrx_word' id='word_1_287' title='bbox 925 3798 991 3855; x_wconf 67' lang='lat' dir='ltr'><strong>Lon</strong></span> <span class='ocrx_word' id='word_1_288' title='bbox 1076 3800 1094 3853; x_wconf 85' lang='lat'><strong>6</strong></span> <span class='ocrx_word' id='word_1_289' title='bbox 1110 3798 1146 3853; x_wconf 85' lang='lat' dir='ltr'><strong>sd</strong></span> <span class='ocrx_word' id='word_1_290' title='bbox 1163 3799 1308 3871; x_wconf 87' lang='lat' dir='ltr'><strong>dominnm]</strong></span> 
     </span>
     <span class='ocr_line' id='line_1_32' title="bbox 176 3879 1243 3958; baseline 0.008 -24"><span class='ocrx_word' id='word_1_291' title='bbox 176 3879 286 3937; x_wconf 82' lang='lat' dir='ltr'><strong>dileOe</strong></span> <span class='ocrx_word' id='word_1_292' title='bbox 382 3884 788 3958; x_wconf 73' lang='lat' dir='ltr'><strong>tuempeetuinrnom.MV¹</strong></span> <span class='ocrx_word' id='word_1_293' title='bbox 885 3886 1243 3956; x_wconf 64' lang='lat' dir='ltr'><strong>amaepenonensv</strong></span> 
     </span>
     <span class='ocr_line' id='line_1_33' title="bbox 179 3972 1307 4079; baseline 0.008 -25"><span class='ocrx_word' id='word_1_294' title='bbox 179 4001 289 4073; x_wconf 70' lang='lat' dir='ltr'><strong>roone]</strong></span> <span class='ocrx_word' id='word_1_295' title='bbox 310 4004 383 4073; x_wconf 67' lang='lat' dir='ltr'><strong>quan</strong></span> <span class='ocrx_word' id='word_1_296' title='bbox 401 4004 437 4069; x_wconf 81' lang='lat' dir='ltr'><strong>n,</strong></span> <span class='ocrx_word' id='word_1_297' title='bbox 464 4006 596 4075; x_wconf 60' lang='lat' dir='ltr'><strong>,quaere</strong></span> <span class='ocrx_word' id='word_1_298' title='bbox 679 4006 823 4062; x_wconf 75' lang='lat' dir='ltr'><strong>smeeuo</strong></span> <span class='ocrx_word' id='word_1_299' title='bbox 839 4006 890 4073; x_wconf 79' lang='lat' dir='ltr'><strong>nn,</strong></span> <span class='ocrx_word' id='word_1_300' title='bbox 916 3972 1030 4061; x_wconf 63' lang='lat' dir='ltr'><strong>niuem</strong></span> <span class='ocrx_word' id='word_1_301' title='bbox 1047 4006 1072 4062; x_wconf 87' lang='lat'><em>0</em></span> <span class='ocrx_word' id='word_1_302' title='bbox 1154 4006 1307 4079; x_wconf 66' lang='lat' dir='ltr'><strong>oeneus]</strong></span> 
     </span>
     <span class='ocr_line' id='line_1_34' title="bbox 177 4086 1309 4164; baseline 0.006 -23"><span class='ocrx_word' id='word_1_303' title='bbox 177 4086 281 4143; x_wconf 77' lang='lat' dir='ltr'><strong>ona-(le</strong></span> <span class='ocrx_word' id='word_1_304' title='bbox 361 4090 488 4147; x_wconf 86' lang='lat' dir='ltr'><strong>aemulari</strong></span> <span class='ocrx_word' id='word_1_305' title='bbox 503 4092 533 4146; x_wconf 91' lang='lat' dir='ltr'><strong>in</strong></span> <span class='ocrx_word' id='word_1_306' title='bbox 550 4108 581 4147; x_wconf 91' lang='lat' dir='ltr'><strong>eo</strong></span> <span class='ocrx_word' id='word_1_307' title='bbox 601 4092 638 4148; x_wconf 79' lang='lat' dir='ltr'><strong>On</strong></span> <span class='ocrx_word' id='word_1_308' title='bbox 724 4094 758 4147; x_wconf 91' lang='lat'><strong>10</strong></span> <span class='ocrx_word' id='word_1_309' title='bbox 774 4093 952 4164; x_wconf 77' lang='lat' dir='ltr'><strong>iniquitatem]</strong></span> <span class='ocrx_word' id='word_1_310' title='bbox 969 4092 1117 4147; x_wconf 74' lang='lat' dir='ltr'><strong>iniustitias</strong></span> <span class='ocrx_word' id='word_1_311' title='bbox 1136 4092 1173 4148; x_wconf 82' lang='lat' dir='ltr'><strong>Oe</strong></span> <span class='ocrx_word' id='word_1_312' title='bbox 1252 4110 1309 4148; x_wconf 81' lang='lat' dir='ltr'><strong>ma·</strong></span> 
     </span>
     <span class='ocr_line' id='line_1_35' title="bbox 177 4171 1242 4249; baseline 0.007 -21"><span class='ocrx_word' id='word_1_313' title='bbox 177 4171 296 4242; x_wconf 77' lang='lat' dir='ltr'><strong>lignoL</strong></span> <span class='ocrx_word' id='word_1_314' title='bbox 396 4176 899 4249; x_wconf 74' lang='lat' dir='ltr'><strong>lliniqnssguntl&#39;malignnntunlle</strong></span> <span class='ocrx_word' id='word_1_315' title='bbox 1003 4178 1242 4249; x_wconf 68' lang='lat' dir='ltr'><strong>loquererne</strong></span> 
     </span>
     <span class='ocr_line' id='line_1_36' title="bbox 179 4258 1310 4336; baseline 0.008 -24"><span class='ocrx_word' id='word_1_316' title='bbox 179 4258 480 4319; x_wconf 68' lang='lat' dir='ltr'><strong>remansionem</strong></span> <span class='ocrx_word' id='word_1_317' title='bbox 498 4306 502 4318; x_wconf 87' lang='lat'>.</span> <span class='ocrx_word' id='word_1_318' title='bbox 571 4264 604 4318; x_wconf 85' lang='lat'><strong>15</strong></span> <span class='ocrx_word' id='word_1_319' title='bbox 621 4264 666 4319; x_wconf 82' lang='lat' dir='ltr'><strong>uria</strong></span> <span class='ocrx_word' id='word_1_320' title='bbox 682 4265 766 4331; x_wconf 65' lang='lat' dir='ltr'><strong>MV,</strong></span> <span class='ocrx_word' id='word_1_321' title='bbox 789 4266 848 4319; x_wconf 76' lang='lat' dir='ltr'><strong>uias</strong></span> <span class='ocrx_word' id='word_1_322' title='bbox 868 4266 913 4331; x_wconf 84' lang='lat' dir='ltr'><strong>V&#39;,</strong></span> <span class='ocrx_word' id='word_1_323' title='bbox 936 4264 1022 4335; x_wconf 76' lang='lat' dir='ltr'><strong>uieO</strong></span> <span class='ocrx_word' id='word_1_324' title='bbox 1108 4265 1141 4319; x_wconf 89' lang='grc'><strong>16</strong></span> <span class='ocrx_word' id='word_1_325' title='bbox 1158 4264 1247 4335; x_wconf 72' lang='lat' dir='ltr'><strong>cupiet</strong></span> <span class='ocrx_word' id='word_1_326' title='bbox 1265 4266 1310 4336; x_wconf 78' lang='lat' dir='ltr'><strong>(ise</strong></span> 
     </span>
     <span class='ocr_line' id='line_1_37' title="bbox 178 4357 1241 4440; baseline 0.007 -22"><span class='ocrx_word' id='word_1_327' title='bbox 178 4366 250 4432; x_wconf 79' lang='lat' dir='ltr'><strong>raa.)</strong></span> <span class='ocrx_word' id='word_1_328' title='bbox 263 4364 293 4432; x_wconf 84' lang='lat'><strong>0,</strong></span> <span class='ocrx_word' id='word_1_329' title='bbox 315 4366 388 4435; x_wconf 86' lang='lat' dir='ltr'><strong>eupit</strong></span> <span class='ocrx_word' id='word_1_330' title='bbox 403 4368 431 4424; x_wconf 88' lang='lat' dir='ltr'><strong><em>V</em></strong></span> <span class='ocrx_word' id='word_1_331' title='bbox 518 4368 615 4424; x_wconf 80' lang='lat' dir='ltr'><strong>benum</strong></span> <span class='ocrx_word' id='word_1_332' title='bbox 626 4368 659 4424; x_wconf 78' lang='lat' dir='ltr'><strong>ia</strong></span> <span class='ocrx_word' id='word_1_333' title='bbox 670 4384 758 4440; x_wconf 64' lang='lat' dir='ltr'><strong>mare.</strong></span> <span class='ocrx_word' id='word_1_334' title='bbox 770 4369 880 4427; x_wconf 70' lang='lat' dir='ltr'><strong>addo</strong></span> <span class='ocrx_word' id='word_1_335' title='bbox 963 4368 1004 4440; x_wconf 76' lang='grc'><strong>[19</strong></span> <span class='ocrx_word' id='word_1_336' title='bbox 1015 4367 1146 4438; x_wconf 88' lang='lat' dir='ltr'><strong>dominus]</strong></span> <span class='ocrx_word' id='word_1_337' title='bbox 1158 4357 1192 4424; x_wconf 72' lang='lat' dir='ltr'><strong>ds</strong></span> <span class='ocrx_word' id='word_1_338' title='bbox 1202 4369 1241 4425; x_wconf 80' lang='lat' dir='ltr'><strong>Oe</strong></span> 
     </span>
    </p>
   </div>
   <div class='ocr_carea' id='block_1_9' title="bbox 0 0 1592 4967">
    <p class='ocr_par' dir='ltr' id='par_1_9' title="bbox 0 0 1592 4967">
     <span class='ocr_line' id='line_1_38' title="bbox 0 0 1592 4967; baseline 0 0"><span class='ocrx_word' id='word_1_339' title='bbox 0 0 1592 4967; x_wconf 95' lang='lat' dir='ltr'><strong> </strong></span> 
     </span>
    </p>
   </div>
  </div>
 </body>
</html>
