3159 4967
411 446 459 499 De
476 445 604 499 diuinis
621 426 891 514 scripturis'siue
909 445 1092 514 Speculum.
1251 447 1315 514 513

189 637 397 713 occasionem,
428 636 464 698 ut
492 635 524 700 in
555 654 616 718 quo
645 635 819 718 gloriantur
847 636 1047 702 inueniuntur
1078 639 1161 703 sicut
1191 640 1223 704 et
1248 658 1315 705 noe.

190 759 263 804 nam
300 739 478 804 huiusmodi
511 738 782 822 pseudoapostoli,
820 740 954 822 operarii
990 740 1166 823 nequitiae,
1207 741 1316 820 dolosi,

188 844 451 926 transfigurantes
473 863 507 909 se
529 843 562 906 in
585 842 742 925 apostolos
771 841 890 907 christi.
929 843 986 907 sed
1012 861 1073 908 non
1095 845 1220 923 mirum,
1244 863 1317 909 cnm

190 947 258 1030 ipse
291 949 419 1012 satanas
450 945 655 1029 transfiguret
685 965 720 1010 se
752 947 842 1010 uelut
872 946 1018 1028 angelum
1051 947 1143 1024 lucis,
1177 966 1238 1014 non
1269 949 1319 1014 est

163 1069 349 1133 emagnum,
374 1051 401 1114 si
421 1050 557 1114 ministri
580 1051 647 1114 eius
669 1050 933 1133 transfigurantur
955 1050 1045 1114 uelut
1065 1051 1201 1115 ministri
1223 1051 1317 1116 iusti-

146 1175 153 1191 ·
190 1154 265 1229 tiae,
300 1171 431 1236 quorum
465 1153 537 1219 linis
570 1155 619 1219 est
652 1153 826 1219 secundum
856 1171 951 1236 opere
982 1173 1099 1220 eorum.
1144 1155 1245 1219 Item
1272 1155 1318 1218 ad

191 1257 490 1340 philippenses:
514 1255 629 1323 Videte
644 1276 749 1336 canes,
772 1256 880 1322 uidete
903 1257 1003 1322 malos
1019 1258 1187 1339 operarios,
1211 1241 1318 1322 uidet-e

192 1360 412 1425 concisionem.
450 1379 507 1426 nos
538 1361 621 1425 enim
650 1379 759 1426 sumus
789 1361 998 1438 circumcisio,
1034 1359 1087 1442 qui
1117 1359 1227 1442 spiritu
1260 1359 1317 1425 deo

193 1464 347 1528 seruimus
371 1466 404 1528 et
424 1463 596 1546 gloriamur
617 1463 649 1527 in
672 1465 788 1528 christo
813 1463 845 1527 et
866 1483 927 1528 non
949 1464 981 1528 in
1003 1481 1097 1528 carne
1120 1461 1317 1528 confidimus.

118 1640 124 1648 ⁴
154 1568 291 1631 reltem
312 1567 417 1631 illic:
439 1567 521 1632 Nam
544 1566 636 1632 multi
660 1567 822 1632 ambulant
845 1585 922 1650 quos
946 1585 1040 1648 saepe
1057 1565 1202 1632 dicebam
1217 1567 1317 1644 uobis,

193 1689 273 1734 nunc
304 1671 408 1735 sutem
437 1671 516 1734 flen‘s
540 1669 620 1753 dico,
642 1669 786 1736 inimicos
810 1671 913 1735 crucis
935 1669 1054 1747 christi,
1086 1687 1218 1752 quorum
1247 1669 1319 1734 linis

194 1774 242 1838 est
263 1773 418 1851 interitus,
443 1792 575 1855 quorum
598 1772 676 1838 deus
698 1773 809 1838 uenter
832 1773 881 1838 est
904 1774 935 1837 et
958 1773 1059 1856 gloria
1083 1771 1115 1835 in
1138 1770 1318 1837 confusione

191 1877 340 1958 ipsomm,
372 1876 426 1959 qui
453 1879 580 1941 terrena
610 1877 753 1958 sapiunt:
786 1877 896 1942 nostra
925 1876 1030 1940 autem
1060 1873 1258 1940 conuersatio
1286 1874 1318 1938 in

193 1979 290 2044 caedo
314 1980 372 2044 est.
417 1979 520 2044 Item
544 1979 591 2043 ad
613 1979 883 2044 colossenses:
905 1979 1005 2044 Nemo
1022 1996 1096 2061 ergo
1121 1996 1178 2042 uos
1199 1975 1320 2040 iudicet

154 2081 224 2144 min
246 2081 316 2146 cibo
340 2081 395 2145 ant
422 2081 455 2146 in
477 2082 553 2164 potu
577 2081 632 2145 aut
651 2081 684 2144 in
706 2082 829 2163 partem
853 2081 914 2146 diei
936 2079 1010 2146 festi
1033 2081 1088 2146 sut
1108 2080 1206 2145 initiis
1228 2097 1319 2143 men-

192 2335 303 2394 usque
341 2318 492 2376 secundum
526 2334 610 2391 opera
643 2334 746 2377 eornm.
792 2317 842 2377 Ad
873 2317 1105 2392 philipenses
1128 2335 1200 2391 cap.
1312 2335 1319 2373 ε
1352 2331 1373 2370 α

192 2404 263 2464 Vide
285 2421 379 2472 cenes,
410 2393 504 2463 uidete
533 2402 630 2462 multis
653 2404 772 2477 operies.
816 2405 903 2462 Item
933 2419 1006 2478 cap.
1110 2423 1117 2460 :
1146 2405 1220 2462 Nem
1240 2402 1322 2460 multi

105 2557 108 2561 ¹
193 2490 340 2548 ambulant
368 2506 439 2564 qnos
462 2507 529 2564 sepe
551 2488 679 2547 dicebam
699 2489 792 2548 uobis.
837 2489 889 2546 Ad
915 2488 1129 2547 colosenses
1152 2505 1224 2562 cap.
1313 2506 1320 2544 :

192 2722 327 2797 ipsorum.
365 2721 416 2779 Ad
437 2720 677 2796 philipenses
701 2738 774 2794 cap.
798 2721 856 2778 III:
879 2719 976 2780 Videte
999 2735 1093 2788 osnes,
1116 2718 1209 2776 uidete
1231 2719 1321 2778 malos
1350 2735 1375 2793 μ

152 2808 336 2882 coopererios
368 2824 481 2880 usqne
515 2809 543 2865 et
572 2823 629 2865 non
657 2806 688 2864 in
717 2823 800 2864 carne
821 2805 952 2864 fiduciam
974 2805 1120 2863 hebentes.
1164 2804 1253 2862 Item
1285 2805 1322 2863 in

194 2894 314 2953 eadem
343 2892 507 2966 epistula
538 2909 611 2966 cap.
642 2892 714 2950 IIII:
746 2891 830 2950 Multi
860 2891 934 2950 enim
964 2890 1109 2949 ambulant
1138 2905 1208 2964 quos
1238 2907 1321 2964 saepe

194 2979 320 3038 dicebam
343 2978 425 3037 uobis
447 2995 559 3051 usqne
581 2980 680 3036 nostra
702 2979 795 3036 antem
817 2978 992 3035 consumatio
1014 2977 1044 3034 in
1067 2975 1153 3034 caelis
1175 2977 1227 3034 est.
1272 2976 1323 3033 Ad

193 3064 406 3123 colosenses
429 3081 503 3137 cap.
519 3063 575 3122 III:
598 3065 686 3124 Nemo
708 3079 776 3136 ergo
799 3078 850 3121 nos
873 3062 978 3121 iudicet
999 3063 1029 3120 in
1051 3062 1113 3120 cibo
1131 3064 1182 3119 aut
1202 3062 1232 3119 in
1254 3063 1323 3135 potu

297 3299 313 3351 7
331 3298 399 3376 Phil.
417 3298 442 3364 3,
460 3298 477 3350 3
495 3300 523 3351 et
540 3299 556 3352 3
644 3299 676 3351 10
695 3297 729 3352 ib.
750 3296 852 3350 18-20
939 3297 972 3350 14
990 3297 1090 3352 Coloss.
1109 3297 1134 3361 2,
1153 3294 1254 3350 16-23

247 3522 260 3573 1
286 3521 315 3575 in
333 3538 382 3591 quo
401 3520 450 3589 so,
480 3521 508 3573 in
528 3535 559 3573 eo
578 3518 647 3588 qnod
667 3520 765 3586 MLO,
793 3509 863 3590 1νᾷ
964 3518 981 3570 2
1005 3519 1106 3588 operari
1128 3519 1271 3587 inequitine
1293 3518 1322 3582 S,

193 3607 307 3676 operarii
325 3609 384 3670 (om.
403 3606 548 3675 nequitiae)
566 3605 652 3660 Mne
749 3604 766 3656 3
784 3605 915 3673 cumipse
933 3603 965 3658 S:
992 3605 1048 3672 ipsc
1067 3603 1136 3658 enim
1154 3602 1255 3658 Mace

193 3693 212 3745 4
233 3694 406 3762 transfigurat
423 3709 451 3745 se
469 3693 497 3745 in
516 3692 638 3760 angelum
662 3690 765 3746 Mauo
870 3691 918 3759 est]
938 3689 1005 3744 add.
1024 3691 1093 3743 enim
1114 3690 1147 3756 0,
1175 3689 1241 3744 add.
1262 3703 1323 3758 ergo

195 3798 211 3833 o
310 3779 562 3848 5transfigurentur
579 3777 680 3832 Maec
774 3777 856 3846 uelut]
875 3779 906 3830 nt
923 3775 1010 3830 MLO
1104 3775 1218 3843 topera
1235 3790 1325 3828 corum

196 3866 288 3932 Mac,
316 3868 475 3933 eommlom.
490 3863 620 3933 opera)S
705 3861 934 3932 IflfippensesS
1015 3861 1077 3915 uide
1089 3877 1166 3914 osnes
1184 3859 1255 3914 1117ι

193 3951 212 4006 8
239 3950 382 4004 circumcisi
409 3950 452 4019 qui
482 3951 510 4004 V
618 3951 646 4003 in
673 3949 767 4017 spiritu
797 3947 886 4004 Vade
1006 3947 1023 4000 9
1050 3946 1209 4014 confidemus
1236 3945 1259 4000 S

197 4037 230 4090 10
247 4038 334 4091 who
351 4035 464 4090 Item-
477 4034 546 4089 Nem
559 4066 590 4075 -
603 4035 729 4089 incaelis
748 4037 790 4088 est
807 4034 874 4087 Item
897 4049 947 4087 om.
970 4034 997 4087 V
1095 4031 1140 4084 ubi
1165 4047 1242 4100 supra
1263 4031 1324 4084 ML

201 4124 224 4178 0
326 4123 357 4175 11
382 4115 477 4191 summ]
497 4121 564 4176 add.
583 4123 610 4175 et
628 4121 667 4176 Oc
771 4121 804 4174 la
826 4119 1004 4174 confusionem
1027 4119 1050 4172 S
1150 4117 1324 4170 laconense

197 4210 221 4264 S
322 4209 355 4262 14
377 4211 524 4263 colosenses
547 4208 665 4264 mcc
766 4223 828 4276 ergo
854 4206 909 4260 So:
938 4209 1026 4259 autem
1050 4204 1177 4268 MVLO,
1207 4195 1256 4257 οὖν

197 4310 261 4349 suos
280 4298 361 4363 (rasa
378 4297 442 4362 s)S
541 4297 573 4349 15
592 4294 657 4364 cybo
676 4293 721 4349 SC
821 4295 924 4362 purtem
942 4291 1076 4346 SMVLG
1173 4291 1260 4345 11111111
1278 4291 1325 4344 aut

194 4380 282 4434 initiis
299 4397 417 4434 mensum
435 4388 462 4435 ct
480 4380 572 4434 autin
590 4380 692 4434 ieiuniis
711 4395 761 4434 om.
780 4378 896 4433 MVLO
928 4377 995 4443 fect.
1013 4376 1041 4429 in
1058 4376 1142 4430 initiis

248 4483 307 4550 XII,
325 4487 395 4556 Aug.
413 4489 437 4554 3,
457 4500 476 4538 1.
593 4545 597 4552 ,
1187 4479 1221 4533 33
