3159 4967
1245 501 1314 552 xm

179 672 252 757 238,
277 672 320 737 22
340 672 379 737 ic
400 669 489 737 Pbil.
513 708 555 721 -
578 670 651 757 257,
677 672 716 737 19
738 671 820 757 spes]
843 671 921 755 fidei
935 710 977 723 -··
992 673 1064 759 275,
1090 673 1131 740 18
1152 673 1318 739 11111111·-

177 776 289 861 rastis]
315 774 388 841 add.
411 774 615 841 111717εὲ1111

223 931 345 997 Iterata
368 930 417 996 est
431 928 675 996 Louaniensium
695 932 868 1015 recognitio
890 931 1044 1017 peculiari
1069 931 1205 999 editione
1228 952 1318 1016 quae

180 1035 308 1101 saeculo
329 1035 474 1118 posthoc
490 1034 584 1099 titulo
599 1034 716 1117 prodiit
737 1036 823 1103 Diui
838 1037 1016 1119 Aupustici
1030 1037 1170 1119 episcopi
1184 1036 1309 1119 Hippo-

178 1139 287 1206 nensis
309 1137 507 1221 Speculum.
527 1188 535 1203 .
557 1188 564 1203 .
583 1136 707 1203 Romae
727 1159 765 1203 ec
785 1138 999 1223 typoprcpbic
1015 1138 1140 1221 Iosepbi
1159 1138 1309 1204 Vaccae-

177 1240 381 1309 1111679111
405 1240 448 1308 8⁰.
486 1238 645 1323 praefatus
678 1240 726 1306 est
754 1240 854 1306 tacito
882 1241 1006 1306 nomine
1030 1243 1091 1307 Ios.
1115 1240 1195 1306 Mar.
1221 1242 1309 1308 Tho·

178 1345 297 1409 manius
331 1344 384 1426 qni
410 1343 623 1408 Louanienses
658 1345 803 1411 secutum
834 1362 867 1408 se
899 1342 976 1408 dicit
1005 1344 1312 1427 interpunctionibus

178 1447 336 1513 interdum
361 1447 399 1512 ad
422 1446 529 1512 Latini
554 1442 731 1531 Graecique
755 1447 928 1512 sententias
951 1448 1091 1513 pariatis.

222 1606 284 1688 Qui
306 1604 457 1689 postremi
479 1624 543 1669 una
564 1622 637 1669 oum
659 1603 790 1687 reliquis
813 1603 960 1686 operibus
974 1602 1146 1685 Speculum
1159 1622 1308 1669 recense-

177 1710 253 1778 bant
282 1709 463 1775 monachi
491 1708 523 1775 S.
546 1706 759 1774 Benedicti
788 1726 806 1773 c
827 1706 1070 1789 congregatione
1093 1705 1124 1772 S.
1148 1706 1251 1773 Mauri
1274 1707 1308 1773 in

176 1814 256 1881 tomi
281 1812 368 1879 tertii
397 1812 486 1894 parte
516 1811 618 1893 prima
647 1828 728 1893 quae
759 1809 847 1875 edita
875 1809 926 1875 est
946 1808 1076 1874 Parisiis
1099 1809 1183 1893 apud
1205 1810 1307 1875 1111-

178 1919 297 1999 eiacum
308 1915 444 1999 Muguet
456 1934 535 1981 anno
550 1914 631 1981 1680
647 1914 780 1981 duorum
796 1913 942 1979 codicum
954 1912 1158 1979 Carnutonsis
1170 1913 1204 1979 et
1214 1913 1306 1996 Regii

177 2020 364 2086 Parisiensis
381 2018 570 2083 auctoritate
585 2017 646 2083 nisi
661 2018 743 2095 sunt,
763 2036 896 2099 quornm
911 2035 980 2099 ope,
996 2016 1056 2081 etsi
1077 2015 1230 2081 lectiones
1244 2035 1306 2081 non

178 2124 292 2206 ubique
307 2122 394 2187 recte
411 2121 542 2186 afferunt
558 2121 643 2205 (128,
660 2121 680 2185 2
695 2142 734 2185 ne
748 2120 907 2203 despicias
921 2119 965 2195 R3
987 2119 1058 2198 145,
1077 2121 1117 2184 16
1131 2121 1307 2202 diripietur

176 2227 219 2303 R;
244 2224 315 2303 127,
340 2226 360 2290 6
382 2225 421 2291 de
442 2229 565 2291 mortuo
587 2224 718 2291 inimico
738 2228 792 2289 tuo
816 2223 886 2299 0133
909 2224 961 2299 92,
985 2223 1029 2287 24
1048 2224 1239 2290 temnentes
1262 2224 1309 2300 03

178 2346 313 2424 114,17
337 2347 524 2411 animarum
547 2344 582 2421 G,
613 2327 690 2410 αἶαν
715 2332 787 2428 [εὰν
809 2345 861 2426 Β),
890 2343 1043 2427 plurimas
1071 2343 1210 2426 priorum
1237 2342 1304 2408 edi-

175 2449 296 2517 tionum
318 2448 513 2531 corruptelas
535 2448 699 2527 sanabant,
723 2447 780 2513 sed
795 2447 979 2513 melioribus
1000 2446 1139 2513 fontibus
1160 2446 1306 2513 destituti

176 2552 303 2635 suisque
326 2570 383 2617 nec
407 2552 485 2619 satis
508 2552 618 2619 confisi
641 2570 698 2617 nec
717 2552 861 2617 beneusi
878 2542 1056 2617 nouaclum
1071 2551 1174 2615 multa
1187 2551 1306 2616 menda

174 2656 296 2721 intacta
315 2654 545 2738 relinquebant
568 2674 680 2721 uerum
703 2655 801 2720 etiam
823 2653 985 2721 codicibus
1001 2653 1067 2718 suis
1088 2653 1210 2718 inducti
1225 2672 1303 2719 non-

176 2756 278 2825 nullos
300 2758 388 2825 locos
411 2776 449 2823 ex
463 2757 604 2842 Vulgata
623 2757 684 2841 ipsi
707 2757 947 2840 interpolabant
984 2756 1037 2835 42,
1059 2756 1080 2821 3
1102 2758 1206 2821 omnes
1226 2775 1300 2821 cooe-

174 2862 399 2927 summctc‘ocis
421 2900 463 2911 -
484 2863 537 2942 bb,
566 2861 586 2927 9
619 2863 858 2928 111νί111111-
881 2861 932 2938 63,
963 2862 1004 2927 10
1034 2861 1125 2926 diues
1156 2864 1304 2942 torquens

174 3004 215 3015 -
238 2964 290 3044 89,
314 2966 333 3031 8
357 2964 430 3031 add.
453 2966 619 3031 sorbonne
640 2966 839 3031 iniustitiam
861 3002 903 3013 -
927 2963 967 3030 al.

217 3118 305 3185 Alias
341 3119 494 3185 editiones
528 3121 653 3203 praeter
675 3118 853 3185 Macrinam
881 3116 1028 3201 aMigne
1060 3117 1229 3201 repetitam
1260 3116 1302 3181 sd

172 3241 284 3289 manus
307 3243 367 3290 non
390 3222 495 3289 habui.
