3159 4967
660 483 842 553 Speculum
1280 490 1318 557 11

187 674 282 739 uocet
309 673 343 737 te
366 673 537 759 quispiam,
566 676 603 740 ut
631 676 780 742 comedes
809 677 848 743 ds
876 677 1058 744 immolatis.
1103 696 1161 742 nec
1191 697 1321 745 uxorem

187 776 227 842 de
263 776 391 845 filiabus
429 797 536 845 corum
571 780 708 865 occipias
740 780 816 846 filiis
848 780 929 859 tuis,
963 800 1002 846 ne
1035 767 1204 866 postquam
1231 782 1321 865 ipsso

185 878 304 945 fuerint
319 880 500 961 fornicatae,
519 881 666 949 fornicari
687 881 806 949 faciant
828 885 861 949 et
886 883 969 950 tilios
990 885 1063 951 tuos
1084 884 1116 949 in
1140 881 1217 950 deos
1232 902 1321 950 suos.

187 980 264 1049 deos
294 982 470 1051 conflatiles
491 1005 552 1051 nou
585 984 684 1051 facies
705 986 774 1053 tibi.
819 986 867 1053 Et
887 988 1008 1072 paulo
1030 988 1135 1073 post:
1159 986 1322 1052 Primitiss

158 1086 313 1173 ⁵frugum
335 1088 439 1154 terres
460 1088 536 1155 tuoe
559 1089 669 1155 offeres
690 1088 723 1155 in
748 1088 877 1155 domum
901 1090 1018 1157 domini
1043 1090 1094 1156 dei
1115 1091 1172 1156 tui.

227 1190 335 1255 Hsec
352 1189 653 1275 delibrclegis‚
678 1192 741 1276 qui
757 1191 1178 1270 Ercdusnominstur‚
1202 1190 1321 1257 colli-

185 1292 319 1376 gendo
342 1278 578 1360 existimaui.
622 1314 720 1360 nunc
752 1294 887 1362 codem
913 1294 1026 1360 modo
1054 1294 1322 1380 inspiciamus

185 1398 224 1461 in
249 1396 434 1480 sequenti
455 1396 652 1463 Leuitico.

732 1670 777 1755 ii.

143 1861 172 1903 10
644 1852 685 1893 ΒΕ
706 1851 861 1894 mvinco.

231 2012 341 2081 Omnis
373 2014 483 2092 homo,
516 2012 665 2097 inquit,
700 2012 740 2078 sd
772 2012 947 2097 proximam
982 2013 1145 2097 sanguinis
1178 2012 1227 2079 sui
1258 2031 1322 2079 non

188 2118 330 2197 accedet,
352 2115 389 2183 ut
410 2114 532 2182 reuelet
557 2116 785 2201 turpitudinem
808 2117 885 2183 eius.
931 2136 989 2201 ego
1019 2114 1173 2182 dominus.
1217 2116 1321 2199 turpi-

185 2220 331 2287 tudinem
358 2220 458 2305 putris
484 2220 533 2284 tui
567 2221 599 2284 ct
625 2220 854 2303 turpitudinem
881 2219 992 2285 matris
1018 2220 1094 2284 tusc
1122 2239 1183 2285 non
1213 2218 1323 2284 disco-

187 2325 326 2409 operies:
349 2324 451 2388 meter
465 2324 523 2387 tus
538 2323 595 2402 est,
618 2342 679 2388 non
694 2322 852 2389 reuelsbis
866 2322 1093 2406 turpitudinem
1110 2323 1187 2389 sius.
1215 2321 1320 2405 turpi-

143 2444 173 2485 rs
186 2426 331 2492 tudinem
354 2427 458 2493 uxoris
486 2426 585 2511 petris
613 2426 661 2491 tui
691 2446 752 2492 non
781 2424 1012 2510 discooperies:
1044 2425 1208 2510 turpitudo
1238 2424 1322 2489 enim

185 2530 285 2615 putris
314 2530 362 2595 tui
395 2530 452 2596 ost.
496 2529 724 2613 turpitudinem
753 2530 868 2594 sororis
895 2528 971 2594 tuae
1000 2546 1037 2593 cx
1063 2528 1153 2611 pstre
1187 2528 1255 2593 siue
1284 2546 1322 2591 ex

186 2634 299 2711 matre,
324 2649 404 2716 quas
429 2632 513 2698 domi
536 2633 589 2699 uel
609 2632 686 2699 foris
709 2634 818 2716 genitu
840 2634 898 2711 ost,
921 2652 982 2698 non
1004 2632 1172 2698 reuolubis.
1216 2629 1322 2714 turpi-

185 2734 329 2800 tudinem
351 2734 437 2801 filise
459 2734 518 2801 filii
538 2736 587 2800 tui
609 2737 662 2801 uel
683 2736 785 2821 neptis
810 2755 846 2801 ex
873 2735 941 2800 filis
962 2754 1023 2801 nou
1043 2734 1217 2800 reuolubis:
1246 2732 1324 2816 quis

187 2836 350 2921 turpitudo
373 2838 429 2903 tus
452 2836 509 2903 est.
552 2836 781 2922 turpitudinem
804 2837 889 2902 filiae
903 2837 1009 2903 uxoris
1030 2836 1129 2920 patris
1143 2836 1201 2915 tui,
1225 2852 1322 2919 quem

144 2957 174 2999 so
187 2940 311 3023 peperit
324 2942 406 3025 putri
420 2942 487 3021 tuo,
512 2942 544 3006 ot
559 2942 607 3006 est
622 2958 709 3007 soror
723 2942 789 3021 tus,
813 2960 873 3006 non
888 2940 1055 3007 reuolubis.
1092 2938 1323 3023 turpitudinem

189 3044 305 3109 sororis
326 3043 425 3127 patris
447 3045 494 3109 tui
516 3063 577 3109 non
601 3044 828 3127 discooperies:
863 3044 937 3129 quis
964 3062 1038 3109 curo
1068 3041 1117 3108 est
1142 3041 1242 3127 petris
1263 3040 1323 3104 tui.

188 3146 417 3229 turpitudinem
440 3146 556 3213 sororis
576 3146 688 3212 metris
708 3146 785 3219 tuuc
807 3166 868 3212 non
891 3145 1064 3226 reuolutus,
1089 3162 1126 3211 eo
1147 3144 1232 3228 quod
1247 3161 1322 3209 coro

189 3248 232 3312 sit
252 3248 363 3315 metris
384 3248 468 3314 tuse.
512 3248 741 3332 turpitudinem
768 3250 874 3332 patrui
900 3248 947 3313 tui
975 3267 1037 3314 non
1065 3247 1234 3325 reuolubis,
1263 3264 1321 3311 nec

190 3350 325 3417 accedes
358 3350 399 3416 sd
432 3370 561 3417 uxorem
595 3352 672 3431 cius,
708 3371 789 3435 quse
821 3352 881 3417 tibi
915 3350 1078 3417 adfinitate
1112 3350 1323 3434 coniungitur.

291 3538 372 3595 eux.
389 3538 433 3606 34,
451 3540 486 3595 26
556 3540 587 3595 11
606 3538 669 3595 Leu.
688 3540 730 3604 18,
749 3538 835 3595 6-24

242 3694 398 3775 Ιοὸιῃεᾶᾰῐ
414 3722 497 3793 (stirp.
517 3723 601 3790 eros.)
621 3720 659 3777 M
735 3725 818 3773 uxord
836 3718 883 3773 M·
963 3715 1253 3786 tscmpiesds’ORau

189 3804 313 3875 ipsedi',
331 3812 379 3875 ipsi
392 3806 539 3863 mmsis
602 3804 766 3861 Biomicsri
778 3802 915 3859 MPORS
978 3801 1108 3857 fornicare
1121 3800 1257 3857 MPOBS

188 3892 497 3962 supposuerit
601 3886 1257 3961 etp.post:primitiss-—deitui]om.P

188 3976 251 4031 51u
269 3974 374 4033 domum
391 3978 502 4035 MURS
517 3978 587 4048 (cod.
606 3978 691 4045 Am),
709 3977 738 4031 iii
755 3974 833 4029 domo
851 3975 911 4029 Pac
987 3972 1005 4029 8
1022 3974 1059 4044 in]
1078 3988 1129 4028 om.
1147 3970 1258 4027 M¹P¹s

189 4070 319 4133 sequente
338 4062 447 4120 MPOR
534 4064 567 4117 10
585 4062 618 4117 dc
636 4062 752 4132 leuitico]
777 4076 828 4116 om.
848 4060 872 4115 S
953 4059 987 4114 12
1005 4058 1113 4114 accedit
1132 4058 1188 4122 Μ’,
1208 4057 1324 4113 secedat

191 4149 277 4203 ΜΨ
346 4149 379 4203 13
397 4149 552 4220 discoperies
566 4149 652 4206 MPO
729 4148 761 4201 15
780 4146 961 4215 discooperies
975 4146 1009 4209 P,
1028 4144 1183 4214 discoperies
1196 4142 1257 4199 ΜΟ

191 4234 271 4304 enim]
290 4235 383 4289 cius
449 4236 482 4292 ic
500 4242 543 4291 esr
561 4253 616 4292 rus
627 4236 827 4306 P;oiii.tuua
895 4232 926 4286 21
944 4232 1101 4302 tuilom.R
1170 4230 1327 4302 discoperies

190 4318 259 4384 Mc,
278 4319 455 4391 discerpenes
470 4326 496 4389 (o
513 4325 584 4391 ras.)
604 4323 631 4376 P
696 4318 730 4373 28
747 4318 844 4389 patrui]
867 4323 959 4387 petris
974 4318 1092 4374 GRMtr
1164 4317 1199 4371 24
1216 4316 1327 4371 accedes

191 4408 275 4472 Mdv,
294 4406 404 4462 sccedss
419 4408 513 4465 Picta
