3159 4967
282 469 344 536 102
670 467 696 522 S.
712 466 827 522 Aureli
843 465 1023 536 Augustini

283 656 449 722 effundatis
469 657 502 721 in
516 657 587 721 loco
604 653 676 720 isto.
714 653 761 720 st
782 653 901 736 paulo
923 654 1028 736 post:
1051 653 1119 718 Vas
1140 654 1329 737 pastoribus,
1353 655 1408 738 qui

278 759 463 843 dispergunt
485 760 517 825 et
538 757 713 823 dilacerant
733 773 864 840 gregem
878 775 1016 841 pascuae
1033 773 1135 835 moue,
1158 757 1236 822 dicit
1250 756 1406 824 dominus.

275 861 348 928 ideo
363 863 442 927 baec
458 861 537 926 dicit
559 859 704 927 dominus
727 860 805 926 dens
827 859 950 928 Israhel
965 859 1006 924 ed
1022 859 1174 942 pastores,
1198 861 1252 943 qui
1273 863 1408 943 pascunt

275 965 426 1047 populum
439 983 562 1030 meum:
582 980 641 1028 nos
657 961 848 1044 dispersistis
863 979 993 1046 gregem
1007 981 1113 1028 meum
1137 964 1169 1026 et
1191 961 1329 1028 eiecistis
1352 981 1406 1028 eos

278 1068 310 1132 ot
323 1087 385 1133 non
397 1067 567 1133 uisitastis:
582 1084 658 1132 ecce
670 1066 877 1149 ogonisitabo
890 1065 1217 1148 superuosmalitium
1230 1067 1406 1133 studiorum
1432 1075 1450 1122 ⁵

275 1171 469 1248 nostorum,
508 1170 553 1234 uit
583 1168 737 1234 dominus
782 1167 884 1234 Item
918 1169 1035 1251 paulo
1068 1169 1170 1251 post:
1207 1170 1297 1235 Haeo
1328 1169 1406 1235 dicit

276 1273 421 1338 dominus
449 1271 657 1338 exercituum:
691 1271 790 1338 nobie
819 1271 928 1338 audbe
958 1274 1055 1339 uerba
1083 1274 1315 1357 prophetarum,
1351 1275 1405 1358 qui

274 1375 463 1458 prophetant
476 1375 567 1441 uobis
582 1374 615 1440 ot
630 1374 791 1458 decipiunt
802 1393 869 1440 nos.
900 1375 1055 1442 uisionom
1066 1375 1171 1442 cordis
1183 1376 1232 1442 sui
1245 1376 1404 1452 locuntur,

274 1497 336 1545 non
359 1477 399 1543 de
422 1497 475 1543 oro
497 1477 623 1543 domini.
669 1478 779 1544 dicunt
801 1478 851 1544 bis
873 1477 927 1562 qui
942 1479 1163 1561 blasphemant
1183 1498 1253 1544 me:
1275 1481 1402 1546 locutus

276 1582 325 1646 est
361 1581 520 1646 dominus:
563 1598 624 1663 pax
657 1580 718 1646 erit
753 1581 865 1660 nobis,
911 1581 943 1646 et
979 1581 1063 1647 omni
1101 1583 1155 1664 qui
1194 1582 1336 1650 ambulat
1371 1584 1403 1648 in
1419 1606 1447 1648 ιο

273 1687 430 1769 pronitate
452 1684 557 1750 cordia
580 1684 629 1750 sui
651 1685 812 1750 dixerunt:
842 1705 902 1750 non
925 1685 1033 1750 ueniet
1062 1703 1155 1768 super
1184 1703 1242 1752 uos
1270 1685 1401 1751 mulum.

274 1789 344 1870 quis
368 1789 451 1852 enim
472 1787 573 1852 tono
593 1788 626 1851 in
649 1787 781 1853 coneilio
805 1787 943 1852 domini?
981 1788 1029 1852 at
1058 1789 1150 1870 post
1171 1788 1217 1854 XI
1241 1807 1402 1856 uersus:

272 1889 342 1955 Non
364 1890 531 1955 mittebam
551 1888 730 1972 propbetas,
754 1890 786 1954 et
807 1889 868 1972 ipsi
890 1889 1073 1956 currebant:
1104 1909 1164 1957 non
1186 1890 1338 1974 loquebar
1362 1891 1402 1956 ed

275 2009 338 2070 eos,
362 1993 394 2055 et
414 1991 475 2073 ipsi
496 1993 733 2074 prophetabant
771 1992 799 2057 ai
822 1991 984 2059 stetissent
996 1993 1030 2057 in
1045 1993 1176 2058 consilio
1191 2011 1262 2058 meo
1278 1995 1310 2058 et
1327 1995 1402 2059 nota

273 2093 423 2160 fecissent
443 2094 543 2159 uerba
563 2113 637 2160 mou
656 2095 772 2178 populo
794 2114 876 2174 meo,
900 2096 1086 2161 auertissem
1108 2097 1217 2178 utique
1242 2114 1295 2162 eos
1312 2115 1331 2160 a
1348 2097 1402 2162 nia
1416 2116 1446 2158 se

273 2215 334 2262 anu
352 2197 439 2261 mala
466 2197 499 2261 et
527 2216 546 2260 a
572 2197 719 2280 pessimis
747 2197 990 2280 cogitationibus
1018 2198 1092 2264 suis.
1138 2199 1185 2264 Et
1206 2200 1306 2280 ipost
1336 2199 1401 2264 1111

272 2316 427 2364 uersus:
464 2299 582 2366 Audiui
614 2318 696 2382 qnae
731 2299 877 2365 duorum
908 2301 1079 2382 prophetae
1115 2301 1339 2382 prophetantes
1368 2303 1401 2366 in

273 2402 397 2468 nomine
418 2420 490 2467 meo
511 2401 713 2468 mendacium
736 2401 831 2486 atoue
855 2402 1011 2468 dicentes:
1042 2401 1205 2482 somniant,
1237 2403 1401 2470 somniaui.

272 2525 436 2589 usquequo
457 2505 545 2571 istud
567 2507 617 2570 est
636 2505 669 2570 in
692 2505 788 2571 corde
810 2506 1031 2588 prophetarum
1046 2505 1288 2572 uaticinantium
1309 2525 1401 2572 men-

272 2609 400 2674 dacium
423 2609 456 2673 et
476 2609 729 2692 prophetantium
757 2608 958 2674 seductiones
987 2609 1092 2674 cordis
1121 2609 1179 2688 sui,
1209 2611 1262 2692 qui
1290 2610 1445 2676 uolnntso

271 2711 393 2790 fucere,
427 2713 465 2776 ut
497 2711 703 2777 obliuiscetur
730 2711 866 2793 populus
893 2729 984 2776 meus
1012 2711 1146 2778 nominis
1179 2711 1241 2778 mei
1274 2713 1401 2795 propter

271 2815 395 2880 somnia
425 2813 530 2879 cordis
559 2813 623 2891 sui,
658 2831 739 2896 qnae
766 2813 874 2877 narrat
902 2814 1116 2896 unusquisque
1151 2814 1193 2880 ud
1225 2815 1401 2896 proximum

274 2932 382 2992 suum,
419 2915 502 2980 sicut
530 2914 619 2979 obiiti
648 2914 721 2978 aunt
748 2913 855 2996 patros
884 2931 992 2980 eorum
1020 2915 1155 2980 nominis
1182 2917 1246 2982 mei
1272 2916 1401 3000 propter

270 3015 394 3080 Bubali
437 3017 597 3098 propbeta,
621 3016 674 3098 qni
688 3016 786 3081 babet
800 3015 965 3095 somnium,
984 3017 1090 3082 namet
1104 3019 1275 3084 somnium:
1299 3019 1399 3101 etqui

271 3120 368 3185 habet
389 3137 565 3184 sermonem
586 3139 704 3197 meum,
733 3119 839 3184 narret
866 3137 1042 3186 sermonem
1064 3139 1171 3186 meum
1194 3139 1278 3186 uere.
1323 3121 1400 3204 quid
1414 3138 1445 3182 sc

271 3221 372 3302 paleis
396 3220 436 3285 ad
457 3222 623 3286 triticum?
647 3220 725 3285 dicit
747 3219 901 3285 dominns.
946 3221 1098 3304 numquid
1125 3239 1186 3288 non
1208 3223 1306 3288 uerba
1327 3241 1400 3288 mea

272 3325 345 3387 sunt
373 3325 463 3406 qnasi
490 3324 587 3406 ignis,
624 3322 857 3401 sitdominus,
893 3323 925 3388 et
952 3325 1042 3406 quasi
1070 3323 1205 3390 malleus
1234 3326 1400 3391 conterens

373 3593 583 3666 litterani]
604 3595 666 3650 eta
768 3596 845 3651 611).
870 3595 971 3651 16-18
1075 3595 1108 3649 13
1130 3597 1166 3652 ib.
1190 3597 1221 3651 21
1246 3599 1274 3651 et
1296 3597 1331 3652 22

271 3683 303 3736 11
320 3681 356 3737 ib.
374 3681 478 3736 25-32

322 3920 488 3976 leffnduni
504 3920 581 3986 Mffl,
600 3919 742 3975 effundnsm
757 3921 794 3976 P¹
872 3921 948 3990 panii
963 3921 1002 3975 M
1077 3921 1215 3976 41eoscnr
1230 3923 1274 3988 M,
1293 3931 1399 3980 enecirn

269 4009 306 4064 P¹
408 4007 505 4077 bnon]
524 4023 573 4063 om.
593 4007 632 4061 P¹
736 4010 885 4062 militastis
899 4013 943 4061 eoi
958 4007 986 4061 P
1087 4007 1287 4076 iproiererum
1304 4013 1332 4067 P

269 4091 484 4162 8doc1p1can
567 4092 709 4158 11noss,
730 4107 774 4146 eoa
792 4091 820 4146 R
907 4091 939 4144 12
957 4089 1002 4161 xl]
1022 4093 1123 4161 aliquos
1142 4109 1160 4146 u
1248 4095 1281 4148 13
1297 4097 1401 4167 pphbn

271 4178 294 4233 0
376 4177 503 4247 loquebar
520 4179 561 4246 (ar
577 4178 610 4231 oe
626 4179 693 4246 rus.)
711 4177 740 4232 P
822 4176 931 4248 161111]
955 4193 1052 4246 paucos
1070 4193 1089 4230 u
1175 4179 1208 4232 17
1227 4197 1271 4250 qm
1290 4183 1329 4237 Ρι

268 4262 303 4316 20
319 4263 398 4318 nolet
414 4263 443 4320 R
528 4262 563 4316 22
579 4261 737 4318 nmuncS
823 4262 858 4316 24
875 4262 934 4317 ab&
950 4263 989 4316 M
1077 4261 1111 4315 26
1128 4261 1219 4330 pulcer
1234 4265 1289 4335 Μ’,
1305 4269 1401 4338 pullen

268 4333 537 4435 spemn
598 4330 1092 4433 ennarratii'inomnnon
1153 4365 1327 4436 onomat
