3159 4967
264 466 327 531 422
489 464 536 519 De
554 463 680 518 diuinis
698 462 882 531 seripturis
900 462 968 515 siue
985 460 1166 530 Speculum.

267 636 389 734 angulis
412 651 586 729 uentorum,
612 648 782 714 scammis
808 649 890 713 caeli
912 668 1012 731 usque
1036 648 1077 713 ad
1100 666 1257 712 summum
1272 666 1393 713 eorum.

266 756 365 819 Item
395 754 535 836 petrus
567 753 771 837 apostolus
795 753 842 815 ll:
873 751 1031 816 Adueniet
1054 752 1160 816 autem
1184 752 1251 816 dies
1274 750 1395 817 domini

266 858 348 921 sieut
370 857 428 934 sur,
451 856 483 920 in
506 874 569 937 qua
584 855 665 921 caeli
680 874 795 939 magno
810 856 930 937 impetu
945 856 1170 933 transcurrent,
1189 854 1221 920 et
1235 854 1396 919 elementa

264 960 347 1043 ignis
383 958 489 1025 calore
524 958 695 1038 soluentur,
731 960 762 1025 et
789 961 875 1024 terra
904 959 936 1023 et
964 977 1003 1023 ea
1030 977 1111 1041 quae
1138 958 1171 1022 in
1198 958 1269 1040 ipsa
1296 976 1395 1040 opera

266 1062 379 1128 omnis.
436 1080 543 1128 eorum
581 1062 719 1127 omnium
755 1064 964 1145 pereuntium,
1001 1061 1108 1144 qualia
1145 1060 1261 1127 debent
1297 1059 1438 1125 ederes

266 1165 512 1231 exsecrabilibus
547 1165 628 1229 escis
659 1166 691 1229 et
719 1164 935 1248 impietatibus
967 1183 1028 1229 non
1062 1164 1265 1246 expectantes
1295 1182 1394 1245 prae·

266 1269 399 1335 sentium
430 1268 493 1333 diei
523 1268 650 1345 domini,
678 1286 735 1350 per
763 1287 857 1351 quem
886 1266 967 1332 caeli
997 1266 1145 1331 ardentes
1174 1267 1336 1332 soluentur
1359 1266 1395 1331 et

267 1372 422 1437 elementa
454 1372 536 1454 ignis
567 1371 678 1437 ardore
710 1371 934 1454 decoquentur.
980 1371 1078 1434 Item
1099 1370 1136 1434 in
1161 1369 1396 1454 apocalypsi

265 1476 466 1543 iohannis:
496 1476 608 1541 Dubiis
639 1476 745 1541 autem
777 1476 810 1540 et
837 1474 1019 1539 infidelibus
1048 1474 1081 1537 et
1112 1472 1331 1538 abominandis
1360 1472 1397 1536 et

266 1579 431 1644 homicidis
462 1580 493 1643 et
524 1578 676 1643 adulteris
706 1578 738 1641 et
765 1576 920 1641 maleficis
949 1577 981 1641 et
1008 1574 1104 1640 idolis
1127 1574 1337 1639 seruientibus
1361 1574 1437 1638 etr·

265 1680 469 1745 mendacibus
491 1698 565 1762 pars
586 1678 711 1743 illorum
740 1679 772 1743 in
795 1680 907 1761 stagno
929 1678 1012 1761 ignis
1035 1676 1175 1741 ardentis
1203 1679 1235 1741 et
1263 1676 1394 1755 suffore,

266 1783 349 1866 quod
373 1784 422 1847 est
443 1800 527 1847 mors
550 1781 698 1846 secunda.

265 2024 308 2083 11:
338 2023 478 2083 Adueniet
507 2026 599 2081 eutem
629 2023 689 2083 dies
720 2024 824 2083 domini
853 2025 929 2084 sient
949 2026 995 2083 iur
1016 2042 1132 2099 usque
1155 2024 1292 2083 elementa
1312 2024 1393 2099 ignis

265 2110 362 2168 ardore
395 2109 592 2183 decoquentur.
637 2110 676 2168 In
710 2108 924 2185 apocalipsi
957 2128 1031 2185 esp.
1124 2130 1131 2167 :
1160 2110 1264 2169 Dubiis
1298 2114 1394 2169 subm

264 2198 293 2253 ot
315 2194 475 2253 infidelibus
497 2212 609 2269 usque
632 2195 705 2269 quod
728 2198 773 2254 est
793 2212 869 2255 mors
892 2196 1024 2255 secunda.
1408 2213 1437 2254 rs

213 2456 236 2515 μ
263 2438 397 2495 Petrus
419 2435 454 2493 in
477 2434 643 2508 epistula
663 2434 692 2493 11
714 2451 787 2509 cap.
811 2435 853 2493 X:
876 2434 1017 2494 Adueniet
1038 2438 1131 2495 autern
1153 2436 1214 2495 dies
1237 2437 1344 2495 domini
1361 2439 1396 2496 ut

265 2522 309 2581 fur
337 2536 449 2593 usque
479 2522 507 2577 et
529 2520 664 2579 elementa
681 2519 759 2593 ignis
785 2520 883 2578 ardme
905 2522 1060 2580 tabescent.
1104 2522 1145 2581 In
1167 2522 1391 2597 apocalypsi

264 2624 338 2681 esp.
369 2607 457 2666 XLV:
487 2606 606 2663 Timidis
636 2608 729 2664 autem
751 2607 780 2663 et
801 2606 954 2665 incredulis
976 2609 1005 2665 et
1025 2608 1163 2666 execratis
1188 2624 1301 2682 usque
1323 2626 1394 2682 pars

264 2694 373 2751 illorum
402 2692 455 2749 erit
484 2691 513 2749 in
544 2693 647 2765 stagno
677 2690 786 2749 ardenti
816 2691 883 2765 igne
912 2694 941 2750 et
970 2691 1115 2767 sulphure,
1146 2693 1221 2767 quod
1250 2695 1295 2752 est
1315 2710 1393 2753 mors

265 2778 418 2837 secunda·
1406 2791 1437 2831 sc

367 3010 383 3064 2
401 3010 426 3063 II
443 3008 514 3065 Petr.
532 3010 557 3073 3,
578 3009 678 3063 10-12
781 3010 798 3062 9
814 3009 897 3079 Apoc.
915 3009 958 3073 21,
976 3008 993 3062 8

318 3233 332 3285 1
361 3232 441 3286 caelis
469 3232 555 3287 MLG
667 3232 684 3285 2
711 3232 855 3301 apostolus]
883 3232 911 3286 in
938 3232 1051 3301 epistole
1076 3232 1163 3287 ΜΗ]
1276 3234 1396 3289 secunda

265 3317 324 3371 Mc
413 3317 498 3386 8quo
517 3318 554 3371 Co
645 3319 828 3371 transcurrunt
844 3318 908 3372 ML
1000 3318 1148 3371 aelementa
1165 3318 1226 3373 Mc
1313 3322 1395 3374 dca-

264 3404 332 3457 lores
359 3402 496 3457 saluuntur
524 3402 547 3457 S
646 3404 674 3456 et
699 3406 815 3457 terrs—
830 3405 1008 3473 expectentes]
1034 3402 1080 3456 καὶ
1103 3403 1138 3471 γῆ
1159 3404 1258 3457 καὶτὰ
1275 3403 1305 3459 ἐν
1322 3405 1395 3476 αὐτῇ

265 3488 328 3559 ἔργα
342 3487 547 3559 [sdpsdpcsrasl.
572 3488 679 3541 τούτων
697 3490 786 3548 οὕτως
803 3490 916 3541 πάντων
933 3489 1079 3558 λυομένων,
1097 3490 1239 3550 ποταποὺς
1250 3490 1293 3544 δεῖ
1307 3490 1395 3559 ὑπάρ-

264 3592 320 3643 χειν
335 3573 424 3643 [ὑμᾶς]
440 3571 470 3625 ἐν
488 3572 577 3639 ἁγίαις
594 3572 783 3640 ἀναστροφαῖς
800 3574 846 3626 καὶ
865 3574 1022 3644 εὐσεβείαις,
1039 3578 1251 3645 προσδοκῶντας
1261 3606 1304 3641 -‚
1323 3581 1397 3632 terra

265 3660 355 3712 autem
378 3659 406 3711 et
425 3673 490 3726 ques
517 3658 545 3711 in
572 3658 629 3725 ipsa
652 3660 714 3711 sunt
731 3674 812 3727 opera
830 3662 975 3714 exurentur.
1006 3676 1084 3730 quum
1112 3662 1194 3731 igitur
1214 3662 1281 3716 haec
1304 3664 1396 3719 omnia

265 3743 435 3798 dissoluenda
458 3743 521 3805 sint,
546 3742 636 3811 quales
660 3746 766 3812 oportet
788 3758 835 3797 nos
858 3758 915 3798 esse
938 3744 967 3797 in
985 3746 1084 3801 sanetis
1102 3748 1347 3802 conuersationibus
1364 3751 1395 3802 et

265 3828 418 3898 pietatibus,
438 3829 619 3896 exspectantes
637 3846 704 3883 -v
808 3844 840 3881 ea
863 3831 940 3899 quae]
964 3846 1047 3899 aquae
1069 3833 1108 3886 M
1207 3834 1224 3885 5
1247 3849 1335 3887 eorum
1359 3832 1394 3888 S:

263 3950 355 4003 horum
378 3949 465 4003 MLC
565 3948 788 4017 praetereuntium
807 3949 830 4004 0
930 3949 1008 4019 edere
1030 3953 1068 4006 M
1168 3952 1184 4005 6
1208 3919 1394 4007 exsecrabilius

266 4035 292 4102 (b
311 4050 332 4089 s.
354 4034 402 4089 liu.
428 4034 494 4088 add.
518 4050 551 4087 m.
571 4034 668 4103 prim.)
693 4034 716 4089 S
816 4036 1014 4104 expectantibus
1037 4037 1059 4093 0
1160 4038 1176 4089 7
1201 4042 1229 4091 et
1252 4044 1319 4093 cute
1341 4040 1394 4094 ele-

265 4122 355 4173 menta
374 4136 424 4175 σοι.
444 4118 530 4173 MLC
625 4119 774 4174 aelementa
792 4120 852 4175 MC
948 4121 1203 4191 8deeoquunturG
1300 4140 1394 4194 apoca-

265 4206 326 4273 lipsi
345 4204 424 4259 SMO
519 4204 535 4257 9
554 4204 757 4258 abhominandis
776 4204 802 4259 V
893 4208 926 4259 10
938 4206 1085 4261 homicidiis
1098 4211 1125 4261 et
1138 4207 1274 4263 adulteriis
1289 4210 1323 4264 V¹

264 4290 329 4344 idoli
349 4290 372 4345 S
473 4290 503 4343 ll
523 4288 627 4359 sallone]
647 4290 753 4359 sulphur
771 4292 799 4344 et
818 4292 854 4345 M
859 4291 950 4355 V¹LC‚
981 4294 1110 4362 sulphuris
1132 4296 1167 4349 V'
