3159 4967
283 419 349 487 610
507 418 554 473 De
571 417 698 473 diuinis
715 416 897 486 seripturis
914 416 986 471 sine
1005 416 1189 485 Speenlum

286 610 377 677 muni
398 610 499 675 seins
541 609 641 673 Item
662 607 766 673 illio:
795 608 881 673 Imm
902 607 963 673 uiri
984 605 1112 691 mitiget
1133 624 1244 671 seruus
1265 603 1422 689 prudens,

283 712 529 797 pusillienimem
551 711 658 777 entem
679 711 784 777 uirum
807 710 877 793 qnis
900 709 1051 777 sufferet?
1088 710 1188 775 Item
1209 707 1322 775 illie:
1344 707 1422 775 Non

282 814 394 881 leodos
422 832 551 880 serunm
580 815 764 897 operantem
793 814 825 879 in
854 812 1002 893 monitate,
1034 830 1137 896 neque
1163 812 1422 879 mereennnriunn

285 916 414 985 dentem
436 917 574 983 animem
596 936 696 983 suem
732 918 834 983 Item
855 916 958 982 illio:
982 914 1101 983 Seruus
1116 917 1261 983 sensnins
1277 915 1424 981 dilectus

284 1021 327 1088 sit
352 1020 413 1087 fibi
434 1020 525 1103 qnasi
547 1019 744 1085 minoium
778 1037 840 1085 non
870 1017 1039 1087 defraudes
1060 1018 1150 1085 illum
1171 1018 1333 1096 libertate,
1355 1036 1422 1083 noe
1449 1039 1463 1079 s

282 1126 409 1210 inopem
437 1122 598 1207 relinquas
625 1123 727 1189 illum.
770 1124 869 1189 Item
899 1125 938 1190 in
961 1121 1271 1189 eeclesiastico:
1307 1120 1344 1187 Si
1367 1120 1424 1185 eet

281 1227 342 1295 tibi
370 1246 483 1296 seruus
510 1227 627 1305 fidelis,
657 1227 701 1293 sit
727 1226 787 1293 eibi
817 1226 908 1309 quasi
938 1225 1044 1293 enimn
1063 1226 1136 1291 ine:
1159 1225 1251 1308 qussi
1272 1223 1422 1307 finirem,

283 1331 329 1397 sio
351 1332 443 1397 iilum
463 1332 578 1410 ironia,
609 1330 685 1413 quie
713 1330 746 1395 in
768 1330 921 1413 sanguine
944 1329 1067 1395 enimes
1088 1330 1165 1394 tuae
1186 1326 1307 1411 peresti
1331 1345 1422 1392 enm.

282 1436 311 1501 si
331 1436 464 1502 laeseris
477 1436 568 1501 illum
582 1434 699 1500 iniuste
713 1434 747 1497 et
761 1432 915 1499 extollens
931 1432 1124 1511 discesserit,
1147 1450 1242 1515 quem
1257 1432 1423 1513 questos?

283 1540 317 1604 et
338 1557 402 1623 que
428 1539 484 1606 uie
509 1556 643 1622 quaeres
670 1536 782 1602 illum?
819 1535 918 1603 Seruo
942 1534 1068 1603 sensato
1094 1534 1187 1601 liberi
1209 1534 1360 1611 seruiens,
1385 1534 1423 1597 ei
1436 1551 1461 1591 ιο

283 1643 332 1707 nir
361 1644 447 1709 seins
476 1662 537 1709 non
566 1641 784 1707 murmurabit„
828 1641 929 1706 Item
958 1640 1107 1723 paulus
1134 1638 1344 1723 spostolus
1369 1638 1422 1705 sd

283 1745 558 1812 colossenses:
587 1744 724 1823 Domini,
754 1744 839 1827 quod
864 1743 984 1809 iustum
1008 1744 1057 1808 est
1080 1744 1112 1808 ei
1135 1762 1280 1828 aequum,
1312 1742 1421 1807 semis

282 1848 453 1931 praestate,
477 1847 613 1915 seientes
636 1848 783 1930 quonism
808 1849 840 1913 et
861 1867 919 1914 uos
935 1847 1097 1914 dominum
1119 1846 1244 1913 habens
1265 1844 1420 1910 incaelis

231 2116 253 2157 α
283 2093 374 2151 seins
417 2092 458 2151 In
479 2092 744 2153 eeclesiastico
765 2109 838 2168 oep.
861 2093 901 2153 V:
929 2094 994 2153 Non
1015 2092 1094 2153 ledes
1118 2109 1231 2153 sernum
1253 2094 1421 2167 operantem

282 2177 845 2253 usqneneqneinopemderelinques
868 2179 956 2239 illum.
1000 2178 1090 2239 Item
1113 2195 1188 2254 esp.
1279 2178 1459 2239 :Siesins
1571 2188 1572 2217 i

281 2264 336 2323 tibi
364 2280 465 2325 seruus
493 2262 596 2335 fidelis,
626 2264 666 2324 sii
692 2264 748 2324 tibi
777 2264 862 2338 qussi
891 2266 985 2325 ssime
1009 2266 1061 2323 ine
1082 2282 1195 2338 nsque
1217 2264 1246 2322 ei
1267 2264 1313 2323 nir
1336 2264 1419 2325 scius

281 2365 338 2409 non
373 2349 571 2410 mmmmenii.
613 2349 665 2409 nd
701 2350 918 2411 colosenses
955 2366 1026 2426 oep.
1058 2350 1139 2410 m:
1175 2350 1299 2420 Domini,
1339 2350 1419 2425 qnod

281 2435 389 2497 instem
417 2434 463 2495 esi
483 2436 512 2495 ei
533 2451 654 2511 neqnnm
682 2439 738 2508 est,
771 2436 865 2495 seruis
894 2437 1037 2511 praestate
1063 2436 1186 2495 seientes
1219 2434 1289 2509 quie
1311 2438 1341 2495 ei
1363 2452 1418 2497 nos

229 2699 254 2759 μ
281 2678 372 2735 seins.
411 2675 502 2736 Item
525 2692 600 2750 nep.
690 2674 795 2735 :Imm
816 2675 872 2734 uiri
893 2675 1010 2750 mitiget
1032 2691 1132 2734 seruus
1154 2674 1287 2750 prudens,
1310 2676 1417 2749 pusill-

282 2761 404 2822 animem
431 2763 526 2821 entem
551 2761 645 2820 uirum
666 2760 731 2834 quis
754 2760 890 2820 sufferet?
925 2762 965 2820 In
987 2760 1249 2821 eoelesiesiioo
1272 2777 1346 2837 sap.
1370 2764 1457 2821 Vno

280 2848 346 2907 Non
376 2846 456 2907 ledes
489 2863 602 2907 sernum
631 2848 794 2922 operantem
826 2864 939 2921 usque
971 2864 1062 2921 neque
1091 2846 1203 2923 inopem
1233 2844 1415 2922 derelinques

280 2932 371 2992 illum.
413 2932 504 2993 Iiem
526 2950 599 3007 eep.
622 2932 721 2992 VfflI:
749 2932 780 2991 Si
802 2933 847 2992 esi
868 2932 922 2991 tibi
943 2948 1043 2992 seruus
1065 2931 1167 3002 fidelis,
1191 2932 1230 2991 sii
1251 2932 1308 2992 tibi
1329 2934 1415 3008 qussi

281 3019 377 3079 animo
404 3020 456 3077 ine
484 3035 592 3092 usqne
622 3018 653 3077 in
682 3036 739 3092 qne
767 3018 817 3077 nie
846 3035 966 3091 quaeres
996 3017 1076 3077 iilum
1097 3018 1201 3079 nescis.
1245 3018 1297 3078 nd
1319 3021 1414 3080 colo·

282 3120 410 3163 senses
433 3120 507 3179 esp.
531 3104 571 3165 V:
593 3103 718 3175 Domini,
742 3103 818 3178 qnod
838 3102 946 3163 iustum
967 3106 1012 3163 est
1026 3106 1055 3163 ei
1070 3121 1199 3178 aequum,
1222 3104 1315 3167 seruis
1330 3124 1413 3181 pree-

384 3338 602 3403 ismenem
679 3336 952 3405 memnonem)
1030 3337 1219 3409 sinouse)
1294 3340 1413 3396 61⁶}er

280 3424 322 3489 30,
335 3423 519 3493 semones,
531 3424 646 3493 81-32)
739 3425 772 3479 10
784 3424 865 3480 Eooli.
879 3424 919 3495 10,
932 3425 965 3479 25
978 3424 1034 3494 (28)
1127 3424 1160 3480 12
1173 3424 1274 3483 Gelos.
1286 3427 1341 3492 4,1

278 3706 283 3718 ⁸
333 3648 347 3701 l
375 3648 422 3703 nbi
447 3664 527 3718 snpra
551 3648 670 3705 mo
691 3649 752 3718 (lin
772 3653 801 3714 4)
905 3648 922 3702 2
946 3649 1141 3719 pusiilnnimem
1166 3654 1258 3717 i-mnm
1284 3652 1323 3722 L)
1349 3652 1418 3707 m

280 3734 331 3789 LO
432 3734 495 3803 ssiie]
513 3735 543 3789 in
557 3734 704 3803 prooemiis
720 3732 840 3791 nmo
941 3734 1049 3791 elenu
1069 3736 1203 3793 omno
1304 3736 1411 3809 5noni

279 3817 387 3873 mandes
418 3819 444 3874 V
543 3818 698 3875 himinum
722 3820 757 3875 11
865 3820 882 3875 6
907 3820 976 3875 [tom
993 3851 1026 3861 -·
1044 3820 1074 3878 Si
1091 3852 1125 3863 -
1141 3823 1317 3877 mnnnnrebit
1341 3821 1416 3879 item

281 3919 331 3959 ooo.
359 3904 387 3960 V
488 3903 506 3958 8
531 3906 691 3974 eompereeii
716 3904 822 3961 mnae
924 3906 940 3961 9
965 3906 1057 3962 leseiis
1085 3907 1161 3963 sno
1261 3924 1354 3978 queres
1383 3910 1416 3975 S,

281 3990 384 4059 qnaeris
401 3998 486 4060 (quen
503 3990 536 4057 0)
558 3991 650 4049 HLO
750 3991 783 4046 10
806 3994 835 4045 ei
859 4007 910 4062 qus
930 3994 976 4047 nie
996 4009 1105 4063 quaeres
1124 3994 1239 4065 (qnaeris
1256 3996 1294 4064 L)
1310 3996 1416 4053 MLO:

279 4090 330 4131 one
350 4075 383 4145 Β,
410 4072 440 4129 ἐν
461 4077 529 4145 ποίᾳ
549 4075 606 4147 ees
627 4078 751 4148 ζητήσεις
771 4077 857 4135 airon
955 4081 1076 4136 seruiunt
1098 4082 1185 4138 HLO
1288 4083 1319 4137 11
1343 4100 1417 4140 mur·

278 4161 394 4215 mnrnnit
409 4161 547 4233 (morant
563 4163 601 4233 L)
619 4163 707 4219 HLO
798 4164 893 4233 psnlns
911 4168 995 4235 spesi
1014 4182 1065 4223 ooo
1083 4169 1121 4222 M
1123 4167 1196 4223 VLO
1291 4168 1417 4226 lecolo

279 4260 370 4301 semes
387 4247 501 4305 nino
584 4248 654 4319 quod
670 4266 721 4305 ooo.
739 4249 779 4305 Π
866 4250 899 4305 13
915 4254 1033 4321 preeseee
1051 4254 1107 4319 SL,
1133 4256 1287 4324 preostenso
1304 4254 1345 4309 Μ

279 4348 365 4403 eniens
386 4347 422 4402 V¹
524 4352 586 4422 qnie
602 4352 723 4420 ΜΗΘ,
750 4352 854 4424 qnodo
957 4345 1019 4411 dnm
1037 4356 1157 4421 MVLG,
1184 4355 1263 4411 deum
1281 4357 1305 4413 S
