3159 4967
271 424 335 491 516
491 425 538 480 De
556 424 687 478 diuinis
704 426 884 494 sortpturis
901 427 973 480 siue
991 427 1176 496 Speculum

270 615 326 698 qui
346 614 512 697 penetrant
535 613 644 679 domos
667 614 700 678 et
720 615 864 697 oaptiuas
884 615 1003 680 duount
1023 617 1228 682 mulierculas
1251 617 1397 684 oneratas

269 717 420 800 peccatis,
451 715 532 798 quae
563 716 720 781 ducuntur
749 717 847 782 uariis
878 718 1053 796 desideriis,
1084 739 1208 803 sempor
1237 721 1397 810 discentes

270 820 303 884 et
332 838 502 902 numquam
534 819 575 884 ad
604 819 769 885 seientiam
799 821 944 887 ueritatis
973 823 1202 905 peruenientes.
1240 824 1397 907 quemad-

269 923 399 989 modum
421 923 503 988 enim
525 923 646 988 iamnes
669 924 702 989 et
722 925 881 990 mambres
902 925 1087 991 restiterunt
1108 927 1218 1011 moysi,
1240 927 1287 992 ita
1310 929 1343 992 et
1364 929 1398 993 lui

270 1026 422 1092 resistunt
435 1025 578 1092 ueritati:
602 1027 743 1092 homines
758 1028 901 1110 corrupti
911 1029 1027 1106 mente,
1049 1029 1173 1113 reprobi
1188 1031 1274 1095 eirea
1288 1031 1396 1096 fidem
1426 1051 1442 1091 a

271 1130 328 1194 aed
351 1130 435 1195 ultra
455 1149 516 1196 non
538 1129 718 1213 protelent:
742 1129 902 1196 dementia
917 1131 1000 1194 euim
1016 1149 1123 1197 eorum
1145 1133 1314 1198 manifesta
1337 1135 1399 1200 erit

271 1232 423 1312 omnibus,
458 1235 541 1298 siout
574 1234 607 1300 et
639 1233 766 1299 illorum
799 1233 868 1300 fult
913 1236 1014 1300 Item
1036 1221 1143 1300 illio:
1174 1235 1264 1302 Siout
1284 1238 1397 1319 rogaui

270 1338 314 1418 te,
336 1339 373 1403 ut
392 1357 571 1404 remaneres
587 1339 703 1422 ephesi,
727 1358 800 1404 oum
822 1340 901 1405 irem
923 1340 954 1403 in
970 1339 1198 1416 maeedouiam‚
1221 1341 1257 1404 ut
1272 1339 1398 1404 denun-
1436 1339 1444 1350 '

270 1441 368 1508 tiares
398 1443 597 1524 quibusdam,
627 1461 667 1508 ne
693 1442 786 1506 aliter
809 1442 943 1507 doceant
965 1461 1066 1525 nequa
1094 1442 1259 1508 intendant
1280 1442 1398 1509 fabulis

269 1544 405 1610 iudaiois
435 1546 466 1610 et
494 1545 689 1628 genealogiis
718 1544 859 1623 mantis,
894 1564 974 1629 quae
1005 1545 1205 1629 quaestiones
1233 1546 1399 1628 praestant
1413 1565 1442 1606 ro

269 1648 372 1730 magis
394 1667 489 1731 quam
513 1649 764 1714 aedificationem
787 1649 849 1727 dei,
872 1668 953 1732 quae
977 1650 1026 1715 est
1047 1650 1078 1714 in
1100 1649 1173 1715 fide.
1218 1650 1320 1714 Item
1349 1650 1399 1716 ad

270 1751 403 1814 titum:
432 1751 553 1816 Stultus
576 1751 683 1818 autem
705 1753 907 1835 quaestiones
930 1753 962 1816 et
983 1752 1186 1836 genealogias
1210 1753 1242 1817 et
1263 1753 1398 1819 eonten-

269 1852 371 1918 tiones
394 1854 427 1918 et
447 1871 569 1937 pugnas
597 1854 678 1936 legIs
709 1854 832 1920 deuita:
863 1855 936 1922 sunt
966 1857 1047 1920 enim
1077 1857 1205 1922 inutiles
1229 1857 1261 1922 ot
1282 1875 1396 1922 uanae.

271 1955 465 2020 haereticum
487 1956 645 2022 hominem
666 1957 739 2039 post
760 1975 856 2022 uuam
886 1958 1114 2041 eorreptionem
1145 1959 1261 2037 deuita,
1293 1961 1398 2025 sciens

271 2058 418 2139 qnoniam
439 2077 606 2140 peruersus
622 2059 671 2124 est
686 2059 841 2125 eiusmodi
857 2061 889 2124 et
911 2061 1032 2143 psooat
1057 2079 1129 2126 eum
1145 2063 1187 2127 sit
1202 2081 1258 2128 suo
1278 2062 1397 2128 iudicio
1413 2080 1439 2120 ιι

272 2158 447 2226 damnatus.
493 2162 591 2227 Item
623 2162 670 2227 ad
699 2162 973 2230 laodicenses:
1007 2164 1118 2247 Neque
1153 2165 1307 2230 destItuat
1338 2183 1397 2230 uos

272 2263 468 2343 quorundam
501 2264 737 2348 uaniloquentia
768 2266 1004 2342 insinuantium,
1038 2267 1075 2332 ut
1107 2287 1164 2334 uos
1198 2269 1344 2333 auertant
1377 2288 1398 2333 a

270 2365 407 2432 ueritate
431 2368 596 2451 euangelii,
620 2368 704 2451 quod
720 2387 805 2434 ame
820 2369 1029 2460 praedicatur.
1069 2371 1166 2436 Item
1190 2371 1397 2454 apostolus

220 2645 241 2686 α
272 2646 386 2704 usque
416 2630 492 2688 siout
520 2634 549 2689 et
577 2631 688 2690 illorum
716 2630 780 2690 fuit.
824 2631 913 2690 Item
943 2649 1017 2708 oap,
1106 2651 1113 2688 :
1144 2632 1224 2692 Siout
1244 2635 1345 2707 rogaui
1367 2637 1395 2692 te

272 2717 305 2774 ut
324 2731 491 2774 remaneres.
538 2715 716 2776 Additum
739 2733 812 2790 oap.
908 2737 914 2774 :
939 2715 1047 2777 Stultos
1070 2719 1163 2776 autem
1185 2719 1345 2792 questiones
1368 2723 1436 2778 etan

219 2972 244 3031 μ
272 2956 347 3015 enlm
375 2971 470 3016 eornm
499 2955 652 3016 manifesta
679 2958 734 3016 erit
759 2958 888 3016 omnibus
911 2958 985 3016 sieut
1007 2961 1036 3017 et
1065 2957 1176 3017 illorum
1197 2957 1261 3018 fuit.
1304 2959 1397 3018 Item

272 3043 316 3100 ad
336 3043 547 3102 timotheum
568 3043 584 3100 I
605 3058 681 3116 oap.
703 3043 733 3101 I:
763 3043 843 3102 Siout
871 3042 973 3116 rogaui
993 3046 1022 3102 te
1043 3047 1076 3103 ut
1100 3061 1259 3104 remaneres
1288 3045 1395 3120 ephesi,

271 3144 357 3201 quum
378 3128 448 3186 irem
470 3127 500 3186 ln
521 3128 732 3186 maohedomam
753 3145 869 3203 usque
897 3129 1118 3189 aedilitationem
1140 3131 1185 3189 dei
1207 3147 1278 3203 quae
1301 3133 1345 3190 est
1366 3131 1396 3189 in

270 3212 334 3271 fida.
379 3213 428 3271 Ad
450 3213 561 3272 titum
583 3231 657 3288 oap.
680 3213 753 3272 IIII:
784 3214 894 3272 Stultae
924 3217 1017 3274 summ
1044 3216 1223 3290 quaestiones
1246 3219 1274 3274 et
1296 3233 1397 3291 ganea

270 3297 364 3372 logias
386 3314 499 3373 usque
522 3301 550 3358 et
572 3299 709 3372 delinquit
730 3299 842 3375 proprio
865 3300 967 3360 iudicio
990 3301 1218 3376 condempnatus.
1263 3301 1302 3361 In
1325 3303 1395 3378 epi-
1409 3321 1436 3363 ae

372 3531 387 3582 r
405 3529 494 3584 rum.
515 3531 538 3595 1,
556 3530 641 3584 aare
728 3530 759 3586 12
778 3531 830 3587 nt.
847 3532 872 3602 e,
887 3534 970 3588 9-11
1059 3535 1091 3589 re
1109 3536 1157 3604 up.
1170 3535 1328 3592 annaeus

323 3753 496 3810 lhonerataa
514 3756 568 3811 ΒΟ
663 3756 923 3824 3quemammodum
941 3759 979 3812 M
1075 3758 1146 3812 Ihii
1165 3760 1223 3816 SM
1317 3759 1397 3814 lubi

270 3855 348 3909 supra
369 3840 459 3895 Mac
557 3841 575 3894 8
593 3840 684 3894 etenim
702 3842 725 3895 S
825 3842 1024 3897 machedoniam
1042 3844 1191 3915 (maohaed-
1210 3846 1256 3913 M)
1273 3845 1333 3902 SM

272 3925 304 3979 13
327 3943 396 3981 uano
413 3929 440 3982 L
543 3927 577 3982 14
597 3926 740 3982 hereticum
763 3928 899 3984 SMVLO
1001 3931 1033 3983 15
1052 3931 1189 4000 eiusmodi]
1209 3932 1253 4000 qui
1270 3931 1398 3986 eiusmodi

270 4013 313 4065 est
339 4012 377 4068 Oa
479 4015 571 4082 peceat
597 4015 666 4082 oum]
692 4017 829 4082 peecatum
855 4014 982 4070 MVlLO
1083 4016 1115 4069 16
1141 4015 1300 4086 dampnatus
1326 4018 1399 4072 MV¹

270 4097 333 4166 Lo,
364 4098 569 4167 condempnatus
590 4100 670 4168 We)
775 4101 862 4154 naua
884 4100 951 4154 Item
975 4101 1010 4154 ad
1031 4100 1193 4156 laodicenses
1215 4102 1306 4171 Neque
1319 4131 1400 4144 —-

195 4243 198 4250 ¹
269 4183 436 4251 praedicatur
461 4201 511 4240 om.
539 4185 652 4240 MVLO
770 4187 802 4240 17
829 4188 1033 4256 uanqloquentia
1060 4187 1083 4242 S
1198 4188 1398 4259 insinuantium]

271 4266 748 4340 mammaemammal)
854 4271 886 4326 re
905 4272 1095 4341 elongans
1195 4275 1329 4343 sporum
1347 4261 1406 4329 omj
