3159 4967
403 431 451 486 De
469 429 598 486 diuinis
616 431 795 503 seripturis
813 431 884 485 siue
902 427 1081 502 Speculum
1243 431 1307 498 433

179 618 301 686 nostros
323 620 557 699 uentilabimus
582 622 615 686 et
635 620 667 685 in
689 620 814 686 nomine
836 619 891 684 tuo
915 617 1089 702 spernimus
1103 619 1305 703 insurgentes

178 721 211 786 in
233 741 299 788 nos.
338 722 470 789 saluasti
493 723 576 789 enim
599 743 665 804 nos,
691 723 778 802 deus,
804 741 841 788 ex
865 721 1085 804 adfligentibus
1105 739 1174 802 uos,
1199 723 1232 787 et
1248 739 1303 788 oss

178 825 302 907 quinos
319 825 452 892 oderunt
467 825 646 892 confudisti.
670 825 788 891 dedisti
804 843 862 891 nos
875 825 1039 906 tamquam
1056 841 1132 892 oues
1148 841 1302 902 escarum,

177 946 196 992 a
225 945 305 994 uoee
336 927 551 1012 exprobrantis
583 929 615 993 et
644 927 852 1010 obloquentis,
878 947 897 992 a
919 927 1000 992 faeie
1029 927 1150 992 iuimioi
1173 927 1206 991 et
1227 945 1301 1009 per-

152 1031 346 1113 saequeutis.
384 1033 463 1096 haee
498 1031 604 1097 omnia
635 1031 791 1096 uenerunt
824 1047 919 1112 super
949 1047 1016 1108 uos,
1051 1027 1085 1093 et
1119 1029 1209 1094 obliti
1242 1047 1302 1094 non

176 1153 284 1200 sumus
311 1136 355 1215 te,
385 1135 417 1199 et
441 1133 549 1217 inique
576 1149 637 1198 non
667 1133 789 1216 egimus
816 1131 849 1195 in
876 1131 1067 1198 testamento
1096 1132 1162 1210 trio,
1187 1133 1220 1198 et
1241 1149 1301 1198 non

172 1237 306 1303 recessit
332 1236 418 1303 retro
447 1255 502 1302 eor
529 1235 680 1302 nostum.
719 1236 753 1300 et
782 1233 951 1300 declinasti
981 1235 1111 1301 semitas
1132 1237 1258 1302 nestas
1283 1254 1301 1299 a

173 1339 314 1419 niutau,
338 1336 370 1404 et
392 1337 514 1421 operuit
534 1357 591 1404 nos
613 1338 725 1402 umbra
745 1336 866 1402 mertis.
906 1337 933 1402 si
956 1337 1046 1404 obliti
1061 1355 1170 1404 sumus
1186 1355 1299 1404 nomen

176 1441 226 1508 dei
248 1441 356 1520 nostri,
380 1441 462 1506 etsi
484 1438 689 1522 expandimus
710 1455 824 1503 manus
847 1439 971 1506 nostras
988 1439 1028 1504 ad
1044 1437 1139 1504 deum
1152 1438 1300 1518 abosum,

132 1564 273 1611 rononne
307 1543 386 1610 deus
418 1542 558 1626 requiret
585 1541 671 1607 ista?
698 1540 768 1624 ipse
799 1541 881 1606 enim
911 1540 1001 1606 nouit
1031 1541 1158 1608 oeeulta
1184 1543 1298 1608 sordis.

174 1648 321 1730 quoniam
349 1645 536 1730 propterte
565 1643 794 1710 mortificamur
822 1643 975 1723 totalis,
1007 1645 1168 1712 aestimati
1191 1663 1300 1712 sumus

172 1753 209 1816 ut
241 1768 317 1815 oues
350 1747 525 1814 oeeisionis.
569 1747 670 1811 Item
699 1745 736 1811 in
765 1747 916 1829 psalmo
945 1747 1056 1814 LIIII:
1085 1747 1299 1816 Contristetur

172 1872 243 1918 sum
263 1853 295 1917 in
320 1849 541 1917 exercitatione
562 1869 645 1929 mea,
669 1849 702 1914 et
722 1849 929 1916 eonturbatus
952 1869 1021 1916 suun
1045 1869 1064 1916 a
1085 1869 1164 1917 uoee
1178 1851 1297 1916 inimiei

173 1957 205 2022 et
227 1975 246 2023 a
266 1954 470 2022 tribulatione
497 1954 687 2038 peeoatoris.
723 1973 778 2020 eor
808 1973 914 2024 meum
947 1953 1168 2020 conturbatum
1196 1953 1298 2018 estin

129 2077 232 2137 ame,
256 2059 289 2123 et
308 2055 441 2124 formido
464 2057 575 2124 mortis
600 2053 719 2124 eeeidit
749 2076 842 2140 super
864 2075 924 2124 me.
965 2058 997 2122 et
1020 2055 1099 2121 dixi:
1123 2055 1193 2139 quis
1210 2055 1298 2123 dabit

169 2159 247 2226 milri
268 2178 387 2242 pennae
410 2159 494 2224 sieut
513 2160 689 2238 columbae,
707 2160 740 2224 et
753 2159 869 2226 uolabe
886 2160 918 2226 et
930 2158 1154 2244 requiescam?
1197 2159 1297 2226 Item

168 2261 206 2325 in
239 2261 392 2343 psalmo
423 2259 525 2326 LXV:
560 2259 717 2342 Quoniam
749 2260 891 2343 probasti
919 2278 987 2340 nos,
1017 2261 1104 2340 deus,
1135 2247 1209 2346 igne
1239 2280 1296 2328 uos

170 2362 366 2442 examinasti,
398 2362 481 2428 siout
502 2363 534 2426 in
556 2362 629 2446 igue
660 2362 856 2427 examinatur
880 2363 1053 2446 argeutum.
1090 2363 1296 2430 umummns

168 2465 352 2550 perignem
377 2466 409 2530 et
433 2483 557 2548 aquam,
581 2466 614 2530 et
634 2464 785 2530 induxisti
808 2483 864 2531 nos
887 2465 918 2530 in
940 2465 1147 2550 refrigerium.
1192 2467 1296 2533 Item

126 2681 155 2720 ao
168 2675 235 2733 oues
258 2657 433 2718 eooissionis.
476 2656 517 2716 In
537 2657 634 2718 LlllI:
661 2655 852 2718 (lontistatus
874 2673 937 2716 sum
958 2658 988 2717 iu
1010 2655 1208 2720 exercitatione
1220 2673 1293 2717 mee.
1326 2679 1347 2718 α

166 2745 208 2804 In
239 2745 328 2805 LXV:
362 2741 501 2815 Quoniam
532 2743 662 2802 liberasti
691 2760 753 2813 nos,
784 2743 904 2813 domine,
934 2743 1001 2817 igue
1032 2743 1199 2804 examinasti
1231 2757 1293 2802 nos.

168 2949 266 2992 summ
287 2933 320 2992 ut
341 2949 409 2992 oues
423 2931 582 2992 eoeisionis.
626 2933 666 2992 In
686 2932 782 2992 LIIII:
806 2931 996 2990 Contristetus
1012 2947 1075 2990 sum
1089 2931 1119 2989 in
1135 2930 1293 2990 exercitati·
1323 2955 1347 3013 μ

167 3033 219 3077 one
247 3034 311 3078 mea
331 3034 445 3092 usque
467 3019 496 3076 et
516 3016 701 3091 requiescam.
742 3017 784 3076 In
809 3018 898 3078 LXV:
921 3015 1060 3088 Quoniam
1080 3016 1209 3077 liberasti
1231 3031 1293 3086 nos,

167 3103 287 3173 domine,
321 3103 388 3178 igne
424 3103 593 3162 examinasti
627 3118 680 3162 uos
709 3119 824 3176 usque
854 3102 884 3161 in
913 3101 1068 3176 refrigerio.
1113 3101 1153 3163 In
1182 3101 1292 3164 cm:

269 3301 590 3369 narasse-sea
694 3300 1001 3368 messanam

217 3491 231 3544 l
254 3489 440 3545 uentilauimus
458 3491 534 3555 ML,
563 3489 753 3545 aestuabimus
771 3505 850 3544 eornu
868 3489 911 3544 Ge
1012 3503 1163 3560 spernam
1181 3490 1224 3546 Or

162 3574 180 3629 2
204 3575 314 3631 saluarti
339 3574 394 3631 Sor
421 3575 542 3630 liberasti
566 3575 654 3631 ΜΗ)
754 3574 819 3629 deus
837 3590 887 3630 om.
906 3575 1009 3630 Maon
1110 3573 1292 3645 affligentibus

164 3660 251 3717 MLO
362 3676 406 3716 eos
431 3677 482 3717 orn.
508 3661 599 3717 MLO
715 3659 732 3713 8
758 3659 870 3715 oderant
895 3662 933 3716 dl
1041 3660 1153 3715 oderant
1179 3677 1228 3716 uos
1255 3663 1291 3726 L,

163 3745 275 3802 ederunt
296 3746 392 3802 noso
492 3746 635 3801 confudisti
660 3745 692 3801 S:
723 3745 884 3815 diripiebant
907 3745 959 3800 sibi
979 3748 1023 3815 (aa
1040 3762 1127 3802 uersa
1144 3747 1291 3802 osseam

162 3834 287 3902 raupta)
311 3831 399 3888 ΜΗ)
498 3833 516 3885 4
537 3832 605 3902 faeie
629 3833 654 3887 S
751 3833 873 3888 daerbo
891 3847 979 3886 sumus
996 3833 1024 3885 te
1043 3832 1197 3886 st--si
1214 3831 1290 3888 obliti

162 3934 212 3974 em.
231 3918 322 3974 MLO
413 3918 562 3987 iniqureS
660 3919 848 3972 tietmari
866 3933 916 3973 om.
935 3917 1023 3973 MLO
1117 3919 1147 3973 11
1167 3919 1290 3988 qnoniam

163 4003 218 4059 So:
248 4004 310 4074 quia
335 4002 423 4059 MLG
529 4002 590 4057 diae
617 4003 641 4057 S
746 4004 780 4056 15
806 4002 917 4058 formido
945 4003 1016 4058 Scor
1047 4006 1133 4058 metas
1159 4004 1222 4059 HL

161 4087 300 4160 recidit&
401 4089 433 4143 16
452 4088 590 4158 pinuasS
691 4089 759 4143 sieut
782 4089 839 4144 So:
870 4091 901 4142 ut
923 4088 1013 4144 Mne
1116 4090 1149 4142 17
1170 4089 1290 4158 probasti

162 4175 216 4230 Su:
244 4173 365 4230 liberasti
382 4174 471 4229 ΜΗ]
554 4173 618 4229 deus
637 4175 690 4230 Su:
721 4173 826 4229 domine
844 4174 929 4229 MLO
1016 4174 1049 4229 18
1068 4175 1223 4230 examinasti
1240 4191 1289 4230 noe

160 4260 248 4316 ΜΗ)
342 4260 450 4328 inigue
469 4261 502 4315 S:
532 4277 582 4316 ora.
601 4260 711 4317 brues
810 4259 1025 4315 transibimusS
1125 4261 1157 4314 19
1175 4259 1289 4316 eduxisti

162 4345 205 4399 Co
307 4345 441 4414 redigeris
463 4346 549 4401 MLC

213 4447 272 4514 ΧΠ,
290 4451 358 4518 Aug.
376 4448 400 4515 3,
420 4462 439 4500 1.
753 4481 757 4492 .
1151 4449 1185 4503 28
