3159 4967
278 449 340 514 156
655 447 681 500 S.
699 445 814 499 Aureli
834 445 1018 513 Augustini

275 641 330 702 aut
351 658 432 703 unua
455 656 532 719 apex
555 655 614 702 nou
638 636 823 718 praeteribit
845 655 863 700 a
884 635 967 716 lege.
992 635 1090 700 donee
1115 635 1220 698 omnia
1234 634 1321 698 fiant.
1347 635 1404 716 qui

275 761 349 826 ergo
372 741 503 806 soluerit
523 759 619 804 unum
644 739 683 803 de
705 739 864 802 mandatis
886 739 956 802 istis
978 737 1115 802 minimis
1139 738 1171 801 et
1187 738 1331 802 docuerit
1355 737 1401 801 sie

276 845 426 921 homines,
448 843 596 908 minimus
625 842 790 907 uocabitur
820 841 851 906 iu
882 860 978 922 regno
1007 841 1182 904 caelorum:
1211 841 1264 922 qui
1294 841 1402 904 autem

275 949 386 1012 iecerit
408 947 441 1011 et
462 947 615 1024 docuerit,
637 945 687 1010 bic
711 964 846 1027 maguus
868 945 1033 1008 uocabitur
1055 948 1087 1010 iu
1109 962 1205 1026 reguo
1229 943 1400 1008 caelorum.

275 1051 345 1116 dico
368 1053 474 1116 autem
502 1051 608 1126 uobis,
638 1049 786 1132 quoniam
816 1049 875 1112 nisi
905 1047 1113 1114 abundauerit
1142 1047 1263 1111 iustitia
1292 1047 1403 1110 uestra
1428 1075 1443 1114 r

274 1155 455 1237 plusquam
471 1154 645 1218 acribarum
660 1154 693 1216 et
710 1152 963 1228 Pharisaeorum,
979 1169 1039 1216 nou
1051 1151 1208 1216 intrabitis
1219 1149 1251 1214 in
1266 1167 1400 1231 reguum

274 1258 443 1324 caelorum.
488 1257 633 1332 audistis,
648 1257 723 1338 quia
738 1255 859 1318 dietum
877 1255 927 1320 eat
942 1255 1093 1336 antiquie:
1117 1273 1176 1320 uon
1192 1252 1329 1330 occides,
1346 1252 1402 1334 qui

275 1363 380 1426 autem
403 1361 555 1424 occiderit
575 1379 649 1424 reus
672 1360 732 1422 erit
746 1357 873 1422 iudicio.
911 1377 968 1440 ego
993 1359 1098 1422 autem
1115 1358 1185 1422 dico
1207 1355 1308 1432 uobis,
1325 1355 1401 1436 quia

275 1461 375 1526 omnia
405 1461 458 1542 qui
487 1461 636 1524 irascitur
664 1459 753 1522 tratri
781 1478 839 1524 auo
868 1478 941 1526 reus
970 1459 1030 1524 erit
1051 1459 1185 1524 iudicio:
1215 1459 1269 1542 qui
1293 1459 1402 1522 autem

275 1563 387 1628 dixerit
409 1563 498 1628 tratri
521 1581 577 1627 suo
600 1563 707 1638 racha,
730 1581 804 1626 reus
828 1561 888 1626 erit
910 1562 1060 1627 concilio:
1084 1562 1137 1644 qui
1154 1564 1262 1628 autem
1286 1561 1401 1626 dixerit
1415 1587 1441 1628 ro

274 1667 465 1741 iutuemur
488 1665 548 1729 erit
569 1666 732 1747 gehenuae
754 1665 845 1746 ignia.
891 1665 919 1729 si
949 1683 1023 1746 ergo
1053 1665 1144 1730 offers
1172 1684 1286 1730 munus
1307 1665 1401 1729 tuum

274 1768 315 1832 ad
338 1769 437 1832 altare
461 1769 493 1831 et
507 1767 551 1832 ibi
566 1767 752 1832 recordatus
766 1767 863 1832 fueris
879 1767 954 1849 quia
969 1767 1065 1832 frater
1080 1769 1153 1832 tuus
1169 1768 1264 1832 babet
1280 1768 1401 1850 aliquid

276 1871 444 1936 aduersum
466 1871 510 1945 te,
532 1871 676 1952 relinque
703 1871 746 1934 ibi
776 1889 890 1936 munus
912 1871 1002 1936 tuum
1032 1872 1103 1935 ante
1127 1869 1226 1934 altare
1256 1873 1289 1936 et
1318 1872 1399 1936 uade

275 1973 372 2055 priua,
386 1973 590 2038 reconciliare
607 1973 694 2038 fratri
710 1974 765 2038 tuo
779 1975 811 2037 et
825 1974 899 2038 tuno
916 1974 1047 2038 ueniens
1063 1973 1154 2040 offers
1170 1993 1284 2038 munus
1297 1975 1399 2040 tuum.

275 2077 343 2142 ceto
365 2076 564 2142 consentiens
588 2076 770 2141 aduersario
793 2077 848 2142 tuo
872 2078 945 2154 cito,
970 2076 1044 2142 dum
1068 2095 1102 2142 ea
1125 2078 1155 2141 iu
1178 2076 1232 2142 uia
1254 2096 1328 2142 cum
1351 2096 1399 2154 eo,
1415 2103 1440 2142 ιε

274 2200 313 2244 ue
334 2179 415 2245 forte
430 2180 537 2245 tradat
550 2181 583 2243 to
601 2179 802 2246 aduersarius
817 2179 915 2244 iudici
931 2181 963 2244 et
977 2180 1071 2246 iudex
1087 2180 1194 2244 medat
1208 2181 1240 2244 te
1255 2179 1400 2246 ministro

274 2285 307 2348 et
338 2283 370 2348 iu
404 2301 563 2347 carcerem
597 2282 743 2348 mittaris.
789 2301 881 2346 amen
910 2282 982 2348 dico
1011 2283 1078 2360 tibi,
1114 2302 1174 2347 nou
1204 2283 1287 2347 exies
1314 2281 1399 2358 inde,

274 2386 372 2451 donec
394 2385 511 2450 reddas
527 2385 734 2450 nouissimum
749 2385 966 2467 quadrantem.
1014 2385 1157 2462 audistis,
1181 2386 1255 2466 quia
1278 2385 1399 2450 dictum

274 2491 324 2554 est
346 2489 500 2571 antiquio:
523 2507 582 2554 non
604 2489 830 2556 moechaberis.
877 2507 934 2571 ego
959 2491 1066 2553 autem
1097 2489 1168 2552 dico
1191 2488 1291 2559 uobis,
1324 2489 1400 2571 quia

275 2593 375 2658 omnis
408 2593 461 2675 qui
490 2591 607 2656 uiderit
632 2590 800 2657 mulierem
837 2591 877 2656 ad
912 2593 1196 2673 concupiscendum
1231 2609 1301 2656 eam
1335 2592 1440 2656 iamir

273 2693 460 2758 moechatus
482 2693 532 2756 eat
554 2711 624 2756 cam
646 2692 677 2754 iu
700 2691 795 2756 corde
819 2709 884 2755 suo.
917 2692 1000 2773 quod
1016 2693 1043 2756 si
1059 2692 1169 2756 oculus
1190 2694 1265 2760 tuus
1289 2693 1398 2758 dexter

274 2794 469 2860 scandalizat
502 2796 556 2872 to,
591 2813 665 2860 erue
700 2813 772 2858 eum
807 2795 838 2860 et
871 2795 976 2876 proice
1011 2795 1067 2860 aba
1100 2796 1142 2860 te.
1185 2796 1312 2879 expedit
1340 2796 1399 2861 tibi

273 2899 310 2962 ut
330 2898 440 2979 pereat
460 2916 557 2962 uuum
571 2898 783 2964 membrorum
798 2899 933 2973 tuorum,
952 2917 1047 2980 quam
1061 2900 1163 2964 totum
1179 2919 1292 2982 corpus
1307 2901 1399 2964 tuum

274 3000 417 3064 mittatur
437 3001 469 3065 in
492 3002 678 3083 gebennam.
726 3002 757 3064 et
779 3002 806 3066 ai
832 3001 961 3066 dextera
988 3022 1101 3068 manus
1123 3005 1179 3068 tua
1202 3002 1399 3068 scandalizat

272 3104 315 3180 to,
339 3103 468 3168 abscide
491 3122 563 3170 eam
586 3105 619 3168 et
638 3104 745 3188 proice
761 3105 818 3169 abs
832 3106 874 3170 te.
913 3105 1038 3188 expedit
1053 3107 1109 3170 tibi
1126 3107 1162 3170 ut
1176 3106 1287 3189 pereat
1301 3124 1399 3170 unum
1411 3129 1437 3170 ιε

375 3378 390 3430 ‘t
409 3375 441 3432 cf.
459 3375 540 3432 Erod
558 3378 600 3441 20,
621 3378 653 3431 13
672 3382 699 3431 et
716 3377 797 3434 Dent.
815 3379 840 3444 5,
861 3379 892 3432 17
963 3379 995 3433 19
1013 3379 1045 3436 cs.
1064 3379 1147 3436 Exod.
1165 3381 1208 3445 20,
1228 3382 1261 3434 14

325 3616 434 3686 letber
452 3617 487 3671 M
582 3621 643 3689 uon]
662 3626 683 3675 i
701 3636 722 3674 a.
741 3619 790 3672 lior.
810 3619 878 3674 odd.
896 3636 930 3673 m.
946 3635 991 3687 pr.
1011 3620 1047 3672 M
1142 3626 1262 3688 prenmr
1282 3619 1328 3672 M·

272 3701 430 3756 tmmutP¹
486 3700 642 3758 tseccrunr
656 3706 692 3758 1³¹
749 3705 875 3774 beatem]
895 3709 940 3758 eni
953 3703 988 3758 So
1051 3703 1328 3772 ophanmorumoss

272 3801 352 3856 regno
370 3787 406 3841 P·
477 3788 492 3840 1
512 3787 608 3843 occrdrs
623 3791 669 3844 Μ’
738 3791 755 3844 9
773 3792 876 3845 umba:
895 3791 939 3860 qui
956 3793 1045 3844 autem
1064 3789 1089 3844 d.
1107 3789 1125 3843 1.
1145 3805 1165 3844 s.
1177 3805 1197 3844 r.
1210 3807 1229 3844 r.
1243 3807 1265 3846 e.
1284 3789 1395 3843 concilio

271 3891 322 3928 om.
340 3873 374 3927 P¹
457 3871 489 3926 10
507 3874 615 3926 cortilio
634 3891 652 3927 a
735 3877 765 3929 11
785 3874 882 3928 furuae
901 3875 943 3940 M,
962 3875 1059 3929 furuae
1077 3877 1104 3929 P
1187 3875 1265 3930 offrer
1281 3875 1325 3928 Μ’

272 3959 304 4012 12
317 3958 360 4028 ad]
374 3963 466 4012 antea
537 3960 568 4013 14
581 3962 744 4016 reconcdmrr
756 3961 928 4016 M'P'RSoo
991 3948 1117 4015 uer'rrerP
1178 3961 1242 4014 offer
1255 3963 1289 4023 11,
1303 3961 1413 4032 offeres=

271 4062 290 4098 a
381 4045 413 4097 15
432 4050 630 4099 conrenrrmens
646 4045 674 4100 P
723 4035 799 4097 ’17
817 4061 845 4098 m
864 4061 966 4098 carcero
984 4052 1093 4099 mrranr
1110 4045 1156 4099 111ι
1251 4046 1284 4099 18
1303 4045 1393 4115 donec]

271 4132 412 4198 antequam
429 4131 457 4185 R
527 4129 559 4184 19
577 4130 741 4184 mechaberis
756 4129 805 4186 GR
875 4131 943 4200 quia]
964 4129 1052 4200 quoS
1117 4131 1395 4199 20concup1rcendam

271 4231 329 4267 earu
347 4216 379 4282 P,
397 4217 653 4284 concupiscenrraC
728 4215 760 4268 21
780 4215 921 4269 mecharur
940 4217 967 4270 R
1041 4214 1075 4268 22
1093 4217 1161 4285 erue]
1182 4215 1285 4270 abscide
1304 4216 1331 4271 P

271 4298 438 4368 proijceeum
451 4318 470 4353 a
539 4301 651 4371 expedit]
663 4301 729 4356 add.
743 4307 788 4354 eni
802 4302 857 4355 Sao
926 4300 959 4355 23
976 4309 1030 4356 unt
1042 4301 1147 4373 pearS
1213 4300 1247 4354 24
1264 4301 1395 4371 mittatur]

272 4401 321 4438 ear
340 4385 392 4440 RS
458 4386 556 4440 dexrra
575 4387 698 4442 MPG¹R
770 4385 805 4438 25
825 4385 930 4455 expedit
948 4388 1017 4440 euim
1035 4405 1054 4440 a
1126 4395 1179 4441 und
1198 4389 1290 4456 pereat
1308 4405 1326 4441 a
