3159 4967
647 446 833 516 Speculum.
1238 449 1297 552 ῳ]

175 634 308 718 ineipiee
341 655 415 702 oum
446 637 561 702 rubore
594 635 802 703 nouissimum
834 637 941 703 looum
972 637 1090 702 tenere.
1136 636 1193 702 sed
1228 655 1301 704 oum

174 738 309 804 uoeutue
330 739 437 818 iuerie,
470 739 564 818 uude,
597 739 748 805 recumbe
780 739 813 805 in
841 739 1011 806 nouissimo
1041 739 1122 818 loeo,
1157 741 1194 805 ut
1226 759 1299 806 oum

175 841 299 906 uenerit
319 841 374 924 qui
394 840 429 906 te
449 841 609 920 inritent,
633 842 722 908 dioet
741 843 817 909 tibi:
847 844 958 922 umine,
982 843 1118 909 eruendo
1141 842 1301 928 superium

173 944 249 1008 tuno
273 943 332 1009 erit
351 943 411 1010 tibi
433 944 536 1028 glorie
556 962 664 1011 eorum
686 945 783 1011 eimul
804 945 1084 1011 discumbentibus.
1109 946 1184 1029 quie
1199 945 1300 1012 omnis

148 1046 229 1128 equi
253 1065 288 1112 ee
310 1046 438 1125 exultet
461 1047 687 1127 humiliabitur,
719 1048 751 1112 et
779 1048 834 1131 qui
857 1067 891 1114 ee
914 1047 1069 1126 humiliet,
1100 1048 1300 1114 exultabitur.

175 1148 304 1216 dioebet
325 1150 431 1215 eutem
455 1151 489 1215 et
510 1151 540 1216 ei
562 1150 616 1234 qui
638 1150 902 1216 renouauerat:
925 1170 1005 1216 oum
1031 1151 1112 1216 faeie
1132 1151 1299 1234 mundium

175 1252 231 1317 eut
251 1271 395 1332 euenum,
417 1253 483 1319 noli
504 1271 622 1319 uouere
645 1254 764 1319 umiooe
784 1255 867 1331 tuoe,
891 1273 993 1337 neque
1008 1253 1122 1320 fratres
1136 1255 1219 1332 tuoe,
1242 1273 1301 1320 ne·
1360 1337 1363 1346 ,

175 1373 236 1437 que
258 1358 420 1441 eognntor,
454 1373 556 1439 neque
577 1356 699 1423 uioinoe
723 1355 849 1435 diuites,
883 1375 923 1422 ue
952 1355 1034 1422 forte
1057 1356 1090 1422 et
1111 1357 1171 1439 ipei
1192 1358 1226 1422 te
1247 1375 1301 1422 re-

174 1457 310 1523 innitent
331 1460 365 1524 et
384 1458 443 1524 flet
462 1459 523 1525 tibi
543 1457 719 1525 retributio.
742 1456 801 1522 eod
822 1476 897 1524 eum
911 1457 990 1525 iuoie
1005 1459 1196 1537 conuiuium,
1221 1478 1303 1526 uoou

135 1577 339 1644 upuuperee
362 1561 493 1640 debiles,
515 1561 657 1639 olentes,
686 1580 810 1642 omos,
840 1563 872 1627 et
900 1562 1014 1628 beetur
1043 1563 1115 1641 erin,
1145 1562 1302 1645 quianon

175 1664 295 1730 hubent
313 1665 488 1732 retribuere
515 1664 591 1730 tibi:
620 1664 814 1731 retribuetur
842 1664 925 1730 enim
952 1664 1011 1730 tibi
1036 1665 1069 1730 in
1096 1664 1302 1731 retributione

175 1766 339 1834 iuetorum.
383 1768 433 1834 111
451 1768 542 1852 poet
562 1768 783 1852 paululum:
808 1766 843 1834 Si
864 1768 936 1851 quie
957 1769 1046 1834 uenit
1068 1769 1109 1834 ed
1124 1786 1175 1834 me
1194 1769 1227 1834 et
1240 1786 1302 1834 non

176 1869 245 1934 odit
265 1871 388 1953 putrem
410 1891 504 1938 enum
526 1872 559 1936 et
579 1871 725 1949 matrem,
749 1871 783 1936 et
803 1889 943 1948 uxorem,
966 1872 999 1936 et
1013 1871 1114 1950 filion-
1131 1872 1163 1936 et
1177 1871 1301 1947 fratres,

176 1972 210 2037 et
230 1991 364 2052 sorores,
387 1974 490 2041 udhuo
514 1975 621 2041 eutem
645 1975 678 2039 et
699 1975 838 2040 animem
865 1985 966 2054 enum,
996 1994 1057 2042 non
1083 1975 1190 2059 potent
1211 1993 1302 2041 meus

135 2089 164 2131 ¹⁶
177 2076 351 2160 dieoipulue
374 2096 453 2144 eeee.
499 2078 531 2143 et
558 2078 612 2160 qui
640 2095 701 2144 nou
728 2078 852 2145 buiulet
879 2096 1007 2144 oruoem
1035 2097 1126 2144 nuum
1156 2079 1189 2143 et
1215 2077 1307 2143 uenit

175 2181 248 2262 poet
269 2199 331 2258 me,
354 2198 416 2246 uon
437 2180 543 2264 potent
559 2198 650 2246 meus
666 2180 938 2264 enee-dieoipulue.
971 2182 1042 2265 quir
1059 2183 1142 2248 euim
1159 2201 1197 2248 ex
1212 2182 1303 2248 nobie

175 2284 286 2351 uolens
307 2285 429 2350 turrem
451 2283 621 2350 uedifloere
641 2301 704 2349 nou
726 2284 814 2367 prius
836 2284 951 2350 eedeue
973 2284 1125 2367 conputet
1147 2285 1301 2369 sumptus,

176 2387 230 2469 qui
252 2388 423 2453 ueoeeeurii
446 2389 529 2468 eunt
552 2389 580 2453 ei
600 2389 698 2454 hebet
720 2389 762 2454 eb
776 2388 1013 2471 perficiendum,
1029 2408 1078 2468 ue,
1095 2389 1302 2472 posteaquem

175 2489 317 2572 posuerit
337 2490 578 2557 fundumentum
606 2491 638 2556 et
666 2510 727 2557 non
748 2491 888 2574 potuerit
919 2492 1082 2576 perfluere,
1111 2509 1220 2557 omnes
1249 2493 1303 2575 qui

135 2591 287 2658 »uident
307 2592 461 2677 ineipiuut
480 2594 624 2660 inludere
654 2595 684 2660 ei
705 2594 862 2661 dieentes:
893 2596 968 2679 quie
994 2595 1046 2662 bio
1075 2597 1169 2662 homo
1198 2595 1303 2678 eoepit

178 2694 347 2762 eedifioure
380 2697 415 2762 et
443 2714 505 2762 nou
537 2697 641 2779 potuit
669 2702 910 2764 consummare?
955 2699 1010 2764 eut
1037 2699 1092 2782 qui
1118 2717 1174 2764 rer
1201 2699 1303 2764 iturus

176 2799 375 2866 committere
397 2799 517 2866 bollum
546 2800 699 2867 eduereue
728 2801 826 2866 uiium
853 2818 962 2885 regem
975 2820 1051 2867 nou
1080 2801 1193 2868 sedens
1216 2801 1302 2884 priue

177 2903 309 2986 cogitet,
339 2902 495 2985 eipoteet
523 2922 596 2968 eum
619 2903 731 2969 ‹leoem
752 2903 881 2970 milibus
904 2923 1069 2970 onounere
1093 2906 1122 2970 ei
1152 2905 1206 2988 qui
1229 2923 1302 2970 oum

176 3005 292 3089 uiginti
312 3005 441 3073 milibus
463 3005 552 3070 uenit
574 3005 615 3071 ud
630 3011 689 3072 ee?
719 3006 857 3090 alioquin
880 3006 984 3074 udhuo
1006 3007 1062 3074 illo
1076 3009 1171 3092 longe
1188 3007 1301 3091 ugente

136 3109 368 3194 ”legationem
389 3110 520 3174 mittens
539 3111 634 3193 roget
655 3129 695 3176 ee
716 3129 797 3194 quoe
819 3111 907 3194 puoie
923 3111 1004 3178 eunt
1042 3111 1088 3178 eie
1104 3130 1179 3195 ergo
1196 3111 1297 3177 omnin

280 3332 314 3386 12
331 3331 393 3387 Luo.
412 3330 455 3396 14.
473 3329 577 3384 eo-ee

230 3518 412 3592 lrnorprerS
510 3518 605 3574 robore
622 3519 668 3574 Μ·
772 3517 821 3573 eod
844 3519 940 3575 om.O
1040 3519 1165 3574 tfuerir
1189 3521 1235 3576 Μ’

177 3610 243 3679 loeo]
262 3624 314 3663 em.
333 3608 370 3663 Ρι
457 3605 528 3677 tte]
547 3607 614 3662 edd.
633 3621 668 3660 er
685 3605 732 3660 rllii
752 3607 792 3660 P²
876 3605 1017 3660 rnurrebrr
1034 3605 1071 3659 P¹
1158 3606 1304 3676 tglonum

178 3695 215 3751 Ρ·
284 3694 408 3748 omum
426 3694 462 3763 et]
480 3693 576 3748 συιδ
641 3693 731 3762 iuut]
749 3692 794 3747 uel
812 3709 831 3746 a
900 3691 933 3745 10
950 3704 1051 3763 pauper
1069 3707 1135 3746 uoou
1153 3708 1188 3746 er
1205 3691 1307 3746 debiles

178 3781 207 3837 Β
303 3779 335 3834 11
354 3777 507 3848 retribuere]
530 3777 641 3833 rbnbue
660 3777 701 3842 θ’,
726 3776 796 3847 quod
817 3776 967 3832 rtrnbuenr
985 3776 1018 3831 0¹
1121 3776 1304 3847 retributione]

178 3869 369 3921 resurreetione
387 3865 492 3921 Pure
561 3865 595 3919 12
612 3867 681 3935 poet]
701 3864 795 3920 oneo
860 3863 925 3934 perri
942 3865 976 3929 P,
994 3863 1152 3934 pulolumS
1226 3863 1260 3918 14
1277 3866 1305 3919 et

179 3953 238 4022 ult]
257 3968 308 4008 em.
321 3953 356 4007 P·
428 3951 462 4008 15
479 3956 531 4006 ere
548 3950 736 4020 oireipulueao
803 3950 913 4004 buruler
932 3973 973 4004 m
990 3951 1023 4014 P,
1041 3949 1150 4006 bernier
1167 3950 1240 4007 M'S

180 4038 213 4092 16
231 4043 262 4091 ee
278 4043 352 4092 meur
371 4037 511 4108 direpulut
535 4038 565 4102 0,
588 4052 663 4091 meur
681 4035 821 4106 duorpuiue
844 4042 874 4090 ee
892 4037 920 4092 R
1024 4037 1056 4092 17
1079 4045 1178 4092 turrim
1196 4037 1235 4092 Su

153 4130 159 4142 '
180 4123 213 4179 18
230 4123 336 4178 hebeur
353 4122 508 4179 mortuae
592 4123 627 4176 20
643 4121 687 4178 lue
704 4147 718 4176 e
731 4124 760 4178 P
835 4122 954 4192 oeprrO
1036 4122 1069 4176 21
1090 4122 1134 4193 qui
1150 4138 1195 4177 rer
1211 4123 1304 4192 iturus]

180 4216 238 4280 quui
252 4215 373 4264 enrurut
388 4208 469 4273 MP,
496 4214 613 4277 (punirer
630 4215 723 4263 rrurut
739 4208 893 4272 Poenae,
922 4214 979 4278 quui
993 4224 1037 4262 rex
1055 4214 1177 4264 eruturus
1190 4208 1238 4263 Μ’

179 4295 434 4366 22pn’sedeneR
520 4293 852 4366 utpoterbpomrfluo
937 4291 1080 4350 ΜΗ
1153 4293 1305 4364 2brogunr
