3159 4967
251 411 314 480 282
631 411 658 466 s,
675 411 793 466 Aureli
808 411 995 482 Augustini

253 601 397 668 Christus
421 600 530 666 dilexit
551 620 618 681 nos,
642 603 676 667 et
695 602 830 668 tradidit
843 621 878 668 se
892 603 996 686 ipsum
1010 621 1067 686 pro
1082 603 1171 672 nohis
1185 602 1379 670 oblationem

255 706 286 770 et
308 705 444 772 hostiam
459 703 519 770 deo
534 705 566 769 in
582 703 711 770 odorem
725 706 904 772 susuitutis.
926 706 1091 775 fornicatio
1106 707 1214 776 eutem
1229 707 1262 772 et
1276 707 1379 773 omnis

252 807 441 874 inmunditia
471 809 525 874 eut
553 808 687 874 curritis
712 827 770 874 nec
799 809 976 876 nominetur
996 810 1030 876 in
1051 811 1152 889 uobis,
1180 811 1265 878 neue
1284 809 1382 875 decet

254 913 390 990 sanctos,
415 913 470 977 sut
490 912 663 996 turpitudo,
687 914 742 978 eut
765 912 1005 996 stultiloquium,
1022 915 1080 980 eut
1095 914 1281 991 scurrilitas,
1297 927 1382 996 quse

256 1018 297 1083 sd
326 1035 392 1082 rem
420 1035 481 1082 non
502 1017 648 1099 pertinet,
677 1017 734 1082 sed
755 1017 859 1100 magis
883 1018 1059 1100 gratiarum
1082 1018 1174 1084 ectio.
1211 1018 1271 1083 hoc
1295 1017 1381 1082 enirn
1407 1041 1423 1082 e

257 1121 369 1188 scitote
391 1120 621 1204 intellegentes,
649 1120 734 1204 quod
751 1122 852 1189 omnis
865 1120 1045 1198 formosior,
1061 1121 1117 1187 sut
1129 1120 1308 1197 inmundus,
1325 1119 1383 1185 eut

255 1241 380 1302 suenus,
409 1223 505 1306 quod·
524 1224 573 1289 est
600 1223 755 1290 idolorum
778 1224 925 1302 seruitus,
948 1242 1010 1290 non
1031 1224 1150 1290 hebent
1169 1223 1383 1290 hereditatem

254 1329 287 1392 in
309 1345 404 1410 regno
433 1326 551 1393 Christi
581 1328 613 1390 et
636 1326 695 1392 dei
734 1345 826 1393 nemo
855 1345 914 1392 uos
934 1326 1070 1394 seducet
1090 1327 1236 1396 iuuenibus
1257 1325 1379 1392 uerhis:

255 1431 380 1513 propter
408 1431 486 1495 haec
516 1430 600 1495 enim
621 1425 710 1496 uenit
734 1429 784 1495 ire
805 1429 859 1496 dei
879 1430 912 1496 in
933 1430 1016 1496 filios
1039 1429 1244 1497 diiiideutiue.
1266 1429 1382 1510 ‚nolite

256 1551 331 1616 ergo
355 1533 438 1598 sitici
459 1533 630 1615 participes
653 1551 769 1598 eorum.
808 1532 905 1599 eretis
931 1533 1014 1598 enim
1037 1533 1424 1616 uhquundotsnehree,10

256 1656 337 1702 nunc
362 1637 466 1701 sutem
488 1636 542 1701 lux
564 1636 594 1700 in
620 1635 760 1702 domino:
788 1637 826 1700 ut
846 1635 906 1702 filii
926 1637 1008 1702 lucis
1030 1637 1190 1703 umhulete
1203 1635 1383 1702 *fruetus

258 1741 340 1804 enim
362 1739 443 1804 lueis
469 1739 518 1804 est
539 1739 571 1804 in
594 1739 678 1804 omni
699 1739 841 1804 bonitate
868 1741 901 1804 et
914 1739 1038 1804 iustitis
1052 1740 1086 1812 et
1099 1740 1234 1806 ueritate
1248 1777 1291 1790 -
1306 1758 1383 1822 pro·

256 1843 367 1908 tentes
401 1841 477 1924 quid
510 1841 552 1906 sit
584 1840 817 1924 heneplacitum
851 1842 919 1908 deo.
959 1843 991 1908 et
1018 1842 1115 1908 nolite
1149 1843 1382 1909 communiente

258 1945 403 2028 operibus
425 1943 626 2010 infructuosis
648 1944 865 2010 tenebrarum:
888 1945 992 2028 magis
1015 1947 1122 2012 sutem
1143 1945 1383 2028 etredurguite.

258 2067 339 2131 ques
375 2047 456 2112 enim
488 2046 668 2112 inocculto
701 2047 781 2112 fiunt
815 2049 854 2112 uh
886 2048 975 2130 ipsis,
1008 2049 1100 2131 turpe
1128 2048 1424 2117 estetdicere.1s

258 2151 363 2216 omnis
385 2151 491 2216 sutem
516 2169 597 2232 quse
628 2151 800 2234 arguuntur
824 2151 982 2216 alumine
1003 2151 1255 2219 manifestentur.
1292 2169 1384 2216 omne

260 2254 342 2318 enim
380 2252 463 2336 quod
499 2253 718 2318 manifestetur
753 2253 860 2319 lumen
898 2255 956 2320 est
1006 2255 1131 2337 propter
1169 2255 1253 2338 quod
1289 2254 1384 2320 dicit:

260 2375 353 2440 surge
387 2356 440 2440 qui
469 2355 585 2422 dormis
612 2356 645 2422 et
678 2374 795 2440 exurge
820 2375 840 2421 s
865 2357 1008 2435 mortuis,
1041 2358 1073 2421 et
1097 2357 1300 2424 inluminabit
1325 2357 1385 2423 tibi

260 2461 412 2528 Christus.
449 2459 557 2524 uidete
584 2458 702 2542 iteque,
731 2459 855 2538 irenes,
887 2461 1044 2542 quomodo
1076 2461 1170 2525 ceute
1205 2461 1384 2538 ambuletis,

260 2585 320 2632 non
349 2565 438 2648 qussi
466 2563 659 2646 insipientes,
689 2562 746 2628 sed
773 2563 809 2628 ut
836 2563 1004 2645 sapientes,
1033 2563 1226 2630 redimffltes
1248 2565 1385 2646 tempus,
1398 2589 1426 2629 so

261 2670 408 2752 quonium
436 2667 503 2758 dies
531 2666 607 2732 mali
638 2667 719 2730 sunt
756 2667 922 2749 propterea
949 2667 1047 2732 nolite
1075 2666 1144 2732 fieri
1170 2666 1385 2749 inprudentes,

262 2773 318 2838 sed
340 2770 559 2853 intellegentes
583 2787 663 2850 ques
687 2768 729 2834 sit
749 2767 898 2834 uoluntas
915 2769 1041 2837 domini.
1078 2771 1110 2834 et
1124 2769 1222 2834 nolite
1237 2769 1395 2836 inebriari·

261 2876 344 2954 uino,
377 2875 409 2938 in
442 2891 503 2955 quo
537 2871 586 2938 est
610 2871 751 2936 luxurie:
781 2872 838 2938 sed
865 2872 1040 2954 implemini
1068 2872 1190 2954 spiritu,
1219 2873 1387 2955 loquentes

262 2977 417 3044 nobismet
444 2976 521 3059 ipsis
550 2975 581 3040 iu
608 2975 738 3056 psalmis
767 2974 800 3040 et
821 2975 943 3059 hymnis
971 2975 1004 3039 et
1025 2974 1157 3040 canticis
1180 2969 1385 3056 spiritulibus,

263 3079 426 3146 cantantes
455 3079 487 3142 et
512 3077 686 3160 psallentes
715 3078 748 3142 in
776 3078 924 3144 cordibus
952 3077 1067 3144 uestris
1098 3077 1233 3154 domino,
1265 3078 1427 3160 metisse

264 3183 393 3266 agentm
425 3199 548 3263 semper
575 3199 630 3263 pro
658 3182 802 3248 omnihus
832 3181 1019 3250 innomine
1047 3180 1164 3247 domini
1190 3182 1292 3248 nostri
1311 3183 1389 3246 lesu

265 3285 381 3351 Christi
414 3285 478 3350 'deo
517 3285 548 3348 et
580 3284 671 3366 putri,
711 3285 844 3352 subiecti
877 3284 1015 3350 inuicem
1048 3284 1081 3348 in
1113 3284 1227 3349 timore
1260 3283 1387 3350 Christi.

264 3375 414 3454 mulie'res
436 3387 513 3452 uiris
537 3387 602 3454 suis
625 3387 770 3456 subditus
795 3387 878 3454 sient
900 3387 1042 3454 domino:
1068 3389 1214 3469 quonism
1229 3387 1278 3452 uir
1294 3387 1391 3469 caput

266 3492 314 3557 est
334 3491 486 3571 mulieris,
511 3491 593 3556 sicut
616 3491 759 3558 Christus
789 3493 885 3575 ceput
908 3494 957 3557 est
979 3491 1143 3573 ecclesiae,
1165 3491 1233 3574 ipse
1248 3489 1391 3555 selustor

318 3749 393 3818 lse]
417 3755 503 3804 semer
528 3749 634 3806 ORSac
734 3749 913 3820 3sut1tS
1012 3748 1185 3804 4leuulrrsr
1199 3747 1323 3803 MPRsr

265 3838 423 3890 defuncte
441 3836 484 3904 Μ,
511 3835 674 3890 esorroreG
751 3835 873 3891 ihehet
890 3835 1012 3891 FRSoc
1089 3833 1271 3892 sdmdmue
1286 3835 1326 3889 Μ

267 3921 507 3992 10ergolrgrf1s
610 3929 668 3976 eni*
691 3921 730 3976 M
830 3921 1037 3977 ilibulireM
1139 3920 1172 3975 13
1194 3921 1330 3992 quidlqur
1346 3922 1392 3982 Μ,

267 4010 356 4080 queO
458 4008 491 4062 14
515 4009 550 4078 et]
575 4023 625 4064 om.
649 4009 705 4064 Soc
809 4009 842 4062 15
858 4008 919 4063 hur
934 4008 1088 4062 inocculto
1105 4009 1135 4064 R
1237 4009 1270 4061 16
1292 4007 1391 4074 suum]

266 4095 359 4150 oms
441 4111 511 4150 omni
530 4111 552 4149 e.
571 4111 595 4164 q.
612 4093 806 4150 memierrerur
823 4095 861 4149 Ρι
957 4094 989 4148 18
1006 4093 1066 4164 tihi]
1084 4109 1119 4148 re
1137 4095 1181 4150 Re
1275 4093 1308 4147 21
1325 4092 1393 4148 fiere

267 4183 305 4236 M
404 4181 438 4234 22
456 4181 562 4252 demini]
581 4181 610 4236 dh
628 4181 685 4238 (luc
787 4180 918 4236 unehnere
935 4180 995 4236 ΜΟ
1094 4179 1129 4233 23
1149 4179 1251 4234 luxorre
1266 4180 1327 4234 Mc

266 4268 428 4338 rmpleernunr
444 4269 472 4323 R
561 4267 665 4338 spiritu]
684 4269 751 4324 odd.
769 4274 866 4324 mucro
882 4268 947 4324 Boc
1036 4267 1071 4322 24
1087 4267 1157 4320 hinni
1172 4267 1210 4320 M
1298 4265 1333 4320 25
1349 4281 1394 4319 ue·

267 4358 340 4412 ruis:
357 4354 462 4410 dondno
480 4355 579 4423 grstiss
599 4356 716 4410 dietim.
735 4371 754 4406 a
