3159 4967
264 480 288 528 X

260 650 420 731 pellectile
451 650 562 715 critica
591 650 767 716 reiciendos
799 650 986 717 existimaui.
1029 654 1103 717 sunt
1135 654 1240 719 autem
1273 656 1392 737 prImus

261 752 360 818 codex
382 753 583 817 Monacensis
606 754 660 817 lat
686 755 790 819 1004?
813 756 845 819 in
868 757 903 820 4⁰
926 774 1008 821 saec.
1033 758 1100 823 XII
1123 757 1176 821 uel
1197 757 1287 835 XIII,
1317 757 1392 824 olim

261 856 426 921 Palatinus
460 858 500 919 47
536 874 573 920 ex
606 858 798 923 bibliotheca
830 858 1104 938 Maunbeimiensi‚
1138 860 1285 925 foliorum
1318 864 1391 940 124,

261 966 484 1033 fasciculorum
515 969 564 1034 16.
607 968 689 1045 „Iste
723 970 801 1034 luber
832 972 899 1053 fait
930 972 1044 1037 domus
1078 974 1276 1038 Moutirriai
1308 980 1386 1040 cau.

262 1090 385 1154 ordinis
409 1090 512 1153 mass.
536 1089 633 1153 dioec
665 1089 827 1172 inscriptio
858 1091 906 1154 est
933 1092 1029 1156 baec:
1059 1091 1111 1158 fol.
1137 1079 1391 1179 1¹1nctpp109’

260 1196 307 1274 sci
328 1210 505 1292 Augustini
527 1192 579 1291 epi
600 1208 637 1272 in
661 1208 779 1272 librum
805 1209 861 1286 qut
883 1210 1068 1290 appellatur
1089 1211 1271 1294 Speculum.
1311 1215 1391 1295 Quis

259 1330 396 1411 ignorat.
434 1329 486 1393 fol.
512 1328 585 1392 124¹
614 1310 738 1408 Euplie
764 1316 809 1393 Iti
835 1316 882 1393 sei
902 1331 1081 1411 Augustini
1108 1318 1159 1412 epi
1188 1332 1243 1413 qai
1271 1332 1392 1397 dieitur

259 1440 437 1521 Speculum.
477 1439 557 1504 alter
581 1439 629 1503 est
651 1438 749 1504 codex
772 1440 973 1506 Monacensis
996 1441 1102 1507 ‘23603
1128 1445 1389 1507 membranaceus

258 1552 288 1617 in
312 1554 345 1615 4ο
368 1570 450 1617 saec.
466 1550 530 1615 XII
555 1550 624 1635 (ZZ.
645 1548 707 1615 603
731 1570 768 1614 ex
789 1550 993 1636 Ranzboien).
1028 1552 1081 1618 iol.
1107 1556 1136 1619 l‘
1159 1554 1253 1619 Liber
1274 1561 1388 1637 Aaou·

257 1674 337 1737 sttui
358 1659 411 1756 epi
433 1674 523 1739 cuias
545 1691 657 1737 reomau
679 1673 852 1755 Speculum
878 1674 999 1740 ecclesie
1021 1675 1128 1757 appot.
1165 1675 1218 1741 sol
1242 1674 1389 1742 9111-

254 1794 351 1875 ptice't
372 1794 423 1859 lib'
446 1794 545 1859 Beati
567 1794 745 1876 1119111111
767 1781 819 1877 epi
845 1796 936 1859 cuiue
957 1816 1071 1860 1111111
1092 1797 1244 1878 appellate
1267 1797 1387 1879 Specu-

257 1907 333 1971 lum.
367 1908 482 1971 Amen.
504 1908 508 1989 1
527 1906 593 1970 Hec
616 1908 682 1969 iria
703 1907 844 1987 feceruut
860 1928 939 1988 opas
960 1912 988 1972 et
1010 1910 1099 1973 modo
1118 1911 1269 1990 praemio
1288 1928 1387 1989 qaue-

255 2016 333 2074 rruet
352 2012 356 2095 1
375 2008 468 2075 Libri
489 2009 592 2092 finiti:
616 2008 741 2095 Penne,
765 2014 861 2093 color,
886 2010 989 2093 digiti.

297 2217 344 2281 De
378 2216 488 2280 codice
524 2214 755 2293 Gemblaoensi‚
791 2217 882 2282 ouius
916 2216 1096 2281 adiumento
1135 2217 1288 2300 Theologi
1320 2218 1386 2283 Lo-

255 2320 421 2383 uanienses
445 2318 573 2401 Speculi
601 2320 849 2402 recognitionem
878 2322 1041 2402 parabant,
1072 2340 1132 2385 non
1162 2322 1302 2403 comperi
1331 2322 1386 2386 ubi

255 2440 336 2486 nunc
362 2422 558 2498 adsumetur,
581 2440 639 2487 nec
663 2424 730 2488 uiro
754 2422 929 2489 clarissimo
954 2424 1174 2491 Goldbaehero
1198 2444 1278 2489 anno
1303 2426 1385 2491 1883

254 2524 485 2607 Belgarumao
507 2526 700 2591 Batauorum
724 2526 934 2591 bibliothecas
954 2527 1167 2609 perlustranti,
1198 2548 1270 2593 oum
1294 2547 1313 2592 a
1334 2548 1385 2593 me

253 2630 383 2710 rogatus
405 2628 600 2719 benignitate
622 2630 713 2711 grato
736 2630 815 2695 mibi
831 2630 934 2695 animo
956 2631 1127 2695 recolenda
1147 2632 1263 2696 librum
1286 2649 1384 2713 quae-

253 2732 346 2809 reret,
370 2731 512 2814 contigit,
537 2733 572 2795 ut
594 2731 731 2814 uestigia
755 2732 823 2797 eiua
846 2731 1019 2815 detegeret
1057 2751 1158 2814 neque
1176 2751 1252 2797 uero
1268 2752 1384 2814 magna

255 2832 293 2898 de
328 2835 385 2899 boc
420 2834 530 2899 codice
565 2854 690 2917 sperare
728 2835 855 2901 licebat
900 2854 973 2901 nam
1009 2855 1046 2899 er
1074 2836 1254 2901 collatione
1289 2856 1384 2919 quam

252 2936 465 3002 Louanienses
500 2937 629 3002 editioni
664 2956 740 3003 suae
777 2938 809 3001 in
844 2937 1017 3019 appendice
1052 2938 1251 3017 adiecerunt,
1289 2940 1383 3004 facile

253 3041 454 3121 cognoscitur
486 3040 601 3106 librum
635 3040 725 3105 illum
754 3057 870 3122 magna
902 3040 1142 3122 interpolatione
1174 3041 1382 3125 deprauatum

252 3144 358 3209 luisse.

210 3379 231 3419 α
294 3351 389 3417 Haud
412 3352 594 3417 1111111111
611 3352 746 3417 lontibus
763 3350 814 3415 usi
830 3352 903 3417 sunt
918 3350 1108 3434 quicumque
1126 3353 1186 3417 hoc
1203 3352 1235 3419 S.
1250 3355 1381 3435 Augu-

251 3456 349 3521 stini
376 3455 562 3538 opusculum
586 3454 761 3520 ediderunt.
798 3474 834 3519 ac
857 3455 960 3538 prima
982 3455 1109 3537 quidem
1134 3455 1262 3539 Speculi
1285 3456 1380 3521 editIo

249 3560 281 3623 in
316 3560 456 3642 principe
487 3577 615 3641 operum
645 3559 784 3625 omnium
805 3559 989 3627 recensione
1013 3560 1189 3625 continetur
1220 3562 1252 3625 in
1274 3562 1381 3629 lucem

250 3662 336 3727 edita
368 3662 514 3727 Basileae
548 3681 627 3727 anno
660 3663 742 3729 1506
777 3683 797 3727 1
827 3664 966 3729 Iohanne
1000 3665 1209 3730 Amarbacbio
1249 3666 1303 3748 qui
1339 3665 1380 3730 ad

249 3767 479 3849 congerendam
504 3785 542 3829 ex
564 3765 764 3832 bibliothecis
787 3766 900 3831 Italiae
920 3765 1046 3831 Galliae
1063 3767 1253 3835 Germaniae
1273 3769 1378 3836 mate-

248 3869 328 3934 riam
363 3888 458 3951 opera
491 3888 567 3934 usus
601 3870 670 3934 erat
696 3869 866 3953 Augustini
892 3868 1032 3934 Dodonia
1055 3870 1147 3935 Frisii
1169 3871 1316 3937 Basileae
1338 3872 1380 3936 ad

250 3971 281 4037 S.
304 3971 504 4039 Leonardum
527 3971 678 4038 canonici.
717 3973 749 4037 in
777 3971 917 4055 parando
941 3974 1047 4037 autem
1069 3974 1158 4039 textu
1179 3974 1379 4039 Basileensea

250 4074 413 4141 codicibus
444 4094 481 4141 ex
511 4074 650 4158 Vulgata
679 4074 877 4158 interpolatis
906 4077 956 4141 usi
984 4076 1016 4141 in
1046 4077 1229 4159 supplendis
1256 4078 1379 4143 lacunis

251 4178 383 4261 aliisque
399 4179 642 4245 difficultatibus
663 4178 865 4245 remouendis
886 4178 947 4262 ipsi
963 4180 1004 4245 ad
1020 4180 1192 4264 Vulgatam
1204 4180 1379 4247 recurrisse

249 4281 405 4359 uidentur,
437 4300 532 4364 quam
556 4300 628 4348 oum
652 4283 780 4365 Speculi
802 4282 992 4349 testimoniis
1015 4284 1164 4349 collatam
1188 4302 1258 4348 esse
1282 4284 1379 4349 etiam

247 4384 321 4449 inde
362 4384 533 4467 colligitur,
572 4384 657 4468 quod
693 4404 843 4451 uersuum
875 4404 1024 4452 numeros
1060 4388 1222 4453 codicibus
1260 4386 1378 4471 optime
