3159 4967
442 454 490 510 Do
507 453 636 510 diuinis
653 457 838 525 seripturis
855 458 926 512 sine
944 458 1126 528 Speculum.
1284 459 1347 526 485

223 644 296 708 sunt
327 662 421 725 super
452 643 566 708 faeiem
598 645 711 710 terrae.
755 645 856 709 Item
884 646 990 710 illio:
1026 645 1192 729 Soulptiiia
1215 646 1344 712 deorum

111 749 117 759 '
221 745 346 810 illorum
369 746 524 812 cremabis
553 746 627 829 igni.
661 765 722 812 non
744 750 948 830 concupisces
972 749 1135 831 argentum
1158 749 1211 814 uel
1234 767 1345 814 aurum

223 849 355 926 exiliis,
380 851 412 914 et
433 869 494 914 non
518 849 655 931 aecipies
675 849 734 915 tibi
756 850 826 932 ipsi,
849 869 888 914 no
912 851 1076 934 delinquas
1097 852 1224 936 propter
1246 851 1344 916 illud:

222 953 296 1034 quia
326 952 515 1018 abominatio
543 952 593 1016 est
615 952 740 1017 domiuo
763 953 822 1018 deo
843 953 908 1018 tuo.
944 972 1001 1019 neo
1024 953 1138 1020 inferes
1162 957 1344 1038 spurcitiam

195 1057 253 1122 sin
277 1056 368 1122 domo
390 1057 455 1120 tua.
492 1055 553 1120 eris
576 1055 754 1137 anathema,
777 1056 861 1120 siout
884 1057 916 1120 et
936 1055 1017 1121 illnd
1039 1059 1096 1122 est
1127 1059 1198 1125 odio
1221 1059 1344 1137 odietis,

222 1159 256 1222 et
277 1157 506 1224 abominatione
529 1158 749 1223 abomInabitis
769 1158 835 1236 illa,
860 1157 934 1242 quia
956 1160 1123 1226 anathema
1147 1163 1204 1226 ost.
1248 1162 1346 1226 Item

221 1261 327 1326 illie:
360 1261 402 1328 111
434 1261 503 1338 erit,
537 1260 565 1325 si
595 1260 711 1326 oblitus
740 1261 836 1328 iustis
872 1261 1032 1328 dominum
1063 1263 1157 1329 deum
1192 1265 1283 1330 tuum
1314 1265 1346 1328 et

222 1363 337 1428 abieris
369 1364 442 1446 post
472 1364 549 1430 deos
585 1364 714 1441 alienos,
744 1365 777 1430 et
798 1365 972 1430 seruienitis
997 1365 1061 1430 illis
1084 1368 1116 1430 ot
1139 1366 1346 1432 adoraueritis

222 1485 285 1545 eos,
310 1485 385 1532 oooe
405 1467 506 1533 testor
525 1468 617 1534 uobis
638 1467 733 1533 bodie
756 1467 879 1532 eaelum
897 1468 930 1533 et
948 1468 1066 1533 tomam
1082 1469 1156 1551 quit
1171 1467 1345 1551 perditione

181 1594 208 1634 ιο
220 1569 378 1652 peribitis:
412 1569 495 1634 ment
517 1571 549 1634 et
572 1570 697 1634 ostenae
718 1571 840 1653 gentos,
864 1589 943 1652 quas
970 1570 1113 1637 dominus
1136 1572 1214 1637 deus
1236 1571 1345 1654 perdi-

220 1675 310 1738 turus
333 1674 382 1740 est
404 1693 424 1737 a
443 1673 525 1740 faeie
547 1674 665 1751 uestra,
688 1674 733 1738 sio
755 1674 895 1756 perietis,
919 1673 1023 1740 sinon
1047 1674 1210 1740 audieritis
1233 1693 1344 1741 uooem

222 1775 338 1842 domiui
365 1775 416 1840 dei
436 1777 545 1842 uestri.
590 1778 688 1841 Item
716 1777 822 1842 illio:
855 1776 888 1842 Si
910 1777 956 1841 fili
980 1778 1055 1843 estis
1080 1777 1141 1856 dei,
1165 1797 1224 1842 non
1248 1778 1344 1842 tIme·

221 1878 305 1956 bitis,
336 1878 368 1943 et
397 1897 457 1944 non
486 1877 711 1944 uetioinemim.
754 1880 854 1944 Item
886 1880 993 1945 illio:
1028 1880 1220 1946 Maledictus
1253 1881 1346 1946 homo

222 2107 367 2183 deponetis
389 2125 501 2182 usque
523 2125 608 2184 super
629 2108 730 2167 iaoiem
750 2110 851 2167 terrae.
895 2110 983 2168 Item
1006 2125 1078 2183 oep.
1168 2108 1346 2182 :SonlptiIIe
1376 2125 1396 2164 α

184 2191 334 2252 nodeorum
363 2210 478 2267 usqne
508 2194 575 2267 quia
603 2196 753 2254 anathema
781 2197 835 2254 est.
879 2195 967 2254 Item
989 2211 1062 2269 oep.
1152 2195 1219 2254 :Et
1241 2194 1345 2254 erissi

221 2279 326 2338 obiitne
359 2279 446 2339 inoris
475 2295 586 2354 nsque
615 2280 721 2338 domim
748 2279 793 2339 dei
823 2280 922 2340 nesti.
966 2281 1053 2340 Item
1078 2297 1152 2355 oap.
1242 2299 1247 2336 :
1277 2279 1345 2340 eilii

221 2365 291 2423 estis
322 2357 375 2424 dei,
419 2364 508 2423 Item
538 2382 611 2438 oep.
683 2385 714 2446 ‚z
747 2365 915 2424 Maledictus
944 2367 1025 2424 homo
1055 2383 1166 2440 usqne
1197 2365 1254 2435 fiat,
1284 2365 1343 2424 fiat.

221 2588 289 2644 sunt
310 2603 395 2662 super
415 2590 528 2646 urnam.
571 2587 661 2647 Item
684 2604 755 2662 oep.
779 2589 822 2649 V:
846 2587 994 2663 sculptilia
1017 2604 1111 2648 eornm
1126 2587 1194 2662 igne
1208 2588 1345 2647 oonbnres
1373 2611 1397 2670 μ

220 2689 332 2746 nsque
365 2673 433 2747 qnia
465 2673 615 2731 anathema
646 2676 699 2732 est.
744 2673 832 2734 Item
862 2689 933 2748 nep.
957 2674 996 2734 V:
1031 2673 1081 2732 Siu
1114 2675 1207 2732 antem
1241 2673 1344 2732 oblitus

182 2773 208 2813 ao
221 2757 326 2815 domini
359 2759 404 2818 dei
436 2759 479 2816 tui
512 2761 648 2832 sequutus
678 2760 766 2820 Ineris
798 2776 911 2834 nsque
944 2760 1008 2818 nooi
1038 2759 1142 2818 domiui
1172 2759 1217 2819 dei
1245 2760 1343 2818 uestri.

220 2842 314 2903 Item
337 2861 409 2918 cap.
424 2844 465 2904 V:
488 2844 562 2903 Cane
577 2844 737 2918 diligenter,
760 2863 796 2905 ne
811 2844 989 2904 oblimsoaria
1013 2845 1117 2904 domini
1139 2861 1252 2920 usqne
1275 2845 1344 2905 dens

221 2929 383 2988 aemulator.
426 2928 514 2989 Item
536 2947 608 3004 cap.
624 2931 697 2991 VII:
720 2931 823 2990 Canete
838 2946 873 2989 ne
894 2931 965 2989 forte
981 2930 1137 3005 decipietun
1151 2946 1199 2989 oor
1219 2931 1345 2990 uestrum

220 3016 249 3072 et
276 3015 415 3074 reoodatis
437 3033 455 3072 a
477 3015 587 3074 domiuo
609 3017 798 3091 serutatisque
828 3016 873 3074 dis
902 3017 1012 3076 eIIenis.
1056 3017 1144 3075 Item
1166 3033 1238 3090 oap.
1261 3016 1343 3076 VIII:

220 3100 367 3175 DIssipate
401 3117 466 3159 aras
499 3117 593 3160 eorum
625 3119 737 3177 usqne
770 3104 854 3176 atque
889 3102 1013 3161 donaria.
1058 3101 1150 3162 Item
1182 3118 1246 3176 oap
1276 3102 1342 3162 XV:

182 3185 388 3245 asMalediotns
409 3187 492 3244 bomo
514 3187 562 3261 qni
585 3187 654 3246 iaoIt
676 3187 807 3262 sculptile
834 3205 953 3262 nsque
976 3189 1004 3247 et
1026 3187 1099 3246 dicet
1121 3205 1210 3248 amen.
1254 3188 1344 3246 Item

323 3412 336 3464 1
365 3413 442 3467 Dent
471 3411 496 3476 7,
522 3411 556 3466 25
578 3415 607 3467 et
626 3412 660 3467 26
764 3412 779 3466 'i
806 3414 886 3468 Dent.
912 3413 937 3481 8,
966 3414 998 3467 19
1022 3415 1050 3466 et
1070 3413 1104 3466 20
1208 3413 1239 3466 12
1265 3413 1344 3466 Deut.

220 3497 261 3558 14,
286 3498 300 3550 1
404 3497 437 3551 13
458 3499 537 3553 Dent.
560 3499 602 3562 2‘1,
626 3499 659 3552 15
703 3532 707 3537 -
762 3499 795 3552 21
822 3499 901 3554 Dent.
925 3500 951 3562 4,
976 3498 1010 3552 23
1028 3500 1056 3552 et
1072 3499 1106 3550 24
1207 3499 1242 3552 22
1264 3497 1343 3552 Dent.

220 3583 262 3646 11,
282 3584 314 3637 lo
416 3585 451 3638 24
467 3585 547 3639 Dent
566 3584 607 3650 12,
625 3583 694 3639 3-6

271 3795 348 3848 lubi
365 3811 443 3864 snpra
460 3797 547 3851 Meo
629 3797 767 3852 tiliorum
779 3797 872 3861 MEO,
901 3814 951 3850 one.
966 3798 989 3852 S
1005 3801 1070 3866 (τῶν
1083 3801 1160 3851 θεῶν
1172 3798 1274 3866 αὐτῶν)

218 3879 313 3949 tibae
335 3882 361 3935 L
463 3881 714 3937 Iabhommetione
733 3883 940 3937 abbomInebitis
958 3884 1009 3938 Le
1110 3885 1124 3936 7
1147 3883 1192 3937 ubi
1211 3899 1288 3953 supra
1311 3883 1347 3939 M

218 3965 270 4020 LO
353 3968 403 4020 ortt
420 3966 448 4030 S.
477 3968 527 4021 eris
545 3969 633 4023 MLG
720 3969 918 4023 8seruietisS
1002 3971 1039 4023 eis
1057 3969 1147 4025 Mne
1233 3968 1344 4040 enodis

219 4051 242 4105 S
343 4052 375 4105 10
396 4053 464 4106 siout
481 4055 509 4106 et
526 4055 564 4108 M
577 4053 663 4120 (καθὰ
680 4055 746 4119 καὶ),
776 4055 845 4108 sient
863 4059 922 4118 (om.
942 4057 979 4124 et)
997 4056 1055 4123 Lo,
1090 4057 1126 4126 iet
1145 4059 1202 4124 (om.
1223 4057 1292 4109 siout
1308 4057 1343 4110 ab

217 4137 281 4191 ieet.
306 4137 411 4208 Ite.)S
518 4155 582 4208 quae
607 4140 704 4208 MLO,
735 4155 799 4208 qnos
823 4140 846 4194 S
954 4140 1026 4210 deus]
1051 4142 1117 4196 odd.
1142 4143 1229 4195 uester
1256 4143 1278 4198 0

219 4224 250 4276 11
275 4221 343 4292 Iade
366 4223 390 4279 S
490 4225 522 4278 12
543 4226 571 4278 In
589 4224 786 4280 deuteronomia
805 4224 871 4290 Mo,
902 4227 948 4280 ubi
966 4243 1044 4296 snpra
1064 4228 1091 4281 L
1194 4227 1232 4281 fili
1257 4227 1280 4282 S

220 4308 253 4362 13
277 4311 305 4363 et
327 4325 380 4364 non
403 4309 585 4364 natioinamini
611 4312 712 4366 Mac:
747 4314 775 4364 et
798 4326 851 4365 non
874 4311 1051 4366 ueoionebitis
1076 4313 1108 4381 S,
1144 4313 1177 4366 od
1202 4314 1346 4384 φοιβήσετε

219 4394 279 4449 cod.
296 4395 451 4448 Alexandr.
556 4394 602 4448 ubi
619 4411 697 4465 supra
715 4396 802 4451 MLO
819 4398 872 4465 (sio
890 4397 982 4466 Infra)
