3159 4967
653 421 834 490 Speculum.
1268 419 1310 486 63
1421 424 1423 428 ’

179 615 270 696 post
301 613 363 678 VII
398 631 560 678 uersus:
593 610 702 676 Iustus
729 609 813 691 prior
843 609 893 673 est
925 608 1091 673 accusator
1124 607 1189 672 sui:
1222 607 1310 672 uenit

181 716 302 781 amicus
331 715 398 780 eius
433 716 465 779 et
494 711 701 795 inuestigabit
729 730 811 776 eum.
856 710 1120 776 contradictiones
1143 711 1309 794 conprimit

181 837 258 898 sors,
284 819 317 884 et
335 819 418 883 inter
432 818 577 902 potentes
600 834 723 900 quoqne
747 813 910 880 diiudicat.
941 814 1047 893 irater,
1071 814 1125 898 qui
1141 813 1310 879 adiuuatur

181 922 329 999 ababa,
353 922 444 1004 quasi
467 921 581 985 ciuitas
602 919 704 998 firma,
736 920 768 983 et
788 917 909 984 iudicia
930 919 1021 1001 quasi
1043 917 1152 984 nectes
1174 919 1308 984 urbium.

154 1026 283 1097 sltem
306 1024 396 1107 post
417 1025 450 1087 ll
473 1041 633 1088 uersus:
667 1021 754 1088 Mors
777 1023 810 1086 et
832 1021 899 1085 uita
920 1021 952 1085 in
975 1041 1069 1086 manu
1090 1023 1234 1106 linguae:
1258 1023 1310 1105 qui

182 1127 319 1210 diligunt
341 1145 420 1204 eam,
456 1122 623 1191 comedent
644 1124 767 1190 fructus
798 1127 874 1190 eius.
920 1125 974 1208 qui
1001 1126 1123 1190 inuenit
1144 1127 1310 1192 mulierem

180 1232 311 1307 bonam,
344 1228 465 1294 inuenit
492 1228 609 1293 bonmn
650 1227 682 1291 et
709 1227 836 1293 hauriet
868 1227 1097 1293 iocunditatem
1127 1249 1146 1293 a
1175 1229 1310 1295 domino.

177 1346 256 1397 ¹cnm
278 1331 548 1398 obsecrationibus
568 1331 710 1413 loquitur
724 1348 853 1414 pauper,
878 1331 916 1394 et*
932 1329 1021 1396 diues
1038 1331 1180 1398 effabitur
1194 1333 1306 1417 rigide.
1341 1351 1351 1360 ’

181 1436 232 1499 uir
261 1435 403 1499 amicalis
430 1433 472 1498 ad
494 1434 681 1500 societatem
706 1433 811 1517 mame
838 1433 957 1499 amicus
989 1435 1048 1498 erit
1078 1454 1172 1517 quam
1203 1435 1308 1500 frater.

141 1567 169 1607 no
182 1539 298 1604 Melior
314 1539 363 1604 est
383 1555 512 1621 pauper,
536 1539 590 1620 qni
614 1535 755 1602 ambulat
774 1537 808 1601 in
824 1536 1027 1619 simplicitate
1043 1556 1109 1614 sua,
1133 1558 1228 1621 quam
1243 1540 1311 1605 tor-

183 1659 281 1724 quens
302 1641 389 1706 labia
408 1640 568 1722 insipiens.
613 1640 667 1704 ubi
695 1659 755 1704 non
779 1639 829 1704 est
857 1639 991 1704 scientia
1013 1641 1145 1719 animae,
1180 1661 1240 1706 non
1264 1643 1313 1708 est

182 1748 314 1823 bonum,
339 1745 371 1810 et
393 1745 447 1827 qui
468 1743 601 1808 festinus
619 1743 676 1821 est,
699 1741 833 1824 pedibus
849 1742 986 1808 offendit
1026 1743 1162 1809 stultitia
1176 1745 1311 1811 hominis

183 1849 365 1932 supplantat
386 1865 515 1931 gressus
545 1846 622 1924 eius,
658 1847 690 1910 et
718 1847 829 1911 contra
858 1845 951 1911 deum
980 1845 1082 1911 feruet
1112 1848 1215 1912 animo
1245 1868 1311 1913 suo.

184 1950 314 2015 diuitiae
338 1950 459 2016 addunt
483 1951 601 2015 amicos
623 1950 790 2032 plurimos:
817 1968 993 2032 apanpere
1018 1952 1123 2016 autem
1140 1953 1218 2017 ethi
1234 1971 1312 2035 quos

142 2055 294 2120 rehabuit
316 2055 509 2136 separantur.
554 2052 648 2117 testis
678 2052 777 2117 falsus
808 2071 867 2117 non
899 2053 958 2116 erit
986 2053 1161 2136 inpunitus,
1198 2055 1229 2120 et
1258 2057 1310 2137 qui

177 2155 350 2222 mendacia
370 2155 519 2239 loquitur,
543 2174 603 2220 non
628 2154 764 2238 effugiet.
810 2155 903 2220 multi
932 2155 1040 2221 colunt
1066 2175 1231 2240 personam
1253 2178 1312 2241 po-

182 2259 279 2323 tentis
302 2261 334 2323 et
356 2259 450 2324 amici
473 2260 546 2323 sunt
575 2258 658 2322 dona
678 2256 838 2324 tribuenti.
876 2257 989 2322 trabes
1011 2260 1145 2324 hominis
1167 2263 1313 2344 pauperis

184 2361 317 2426 odemnt
339 2381 420 2440 enm,
448 2363 576 2444 insuper
598 2362 631 2425 et
654 2361 747 2425 amici
768 2361 879 2444 procul
900 2364 1101 2429 recesserunt
1123 2365 1162 2428 ab
1182 2383 1227 2429 eo.
1260 2367 1312 2449 qui

183 2466 306 2530 tantum
328 2467 425 2531 uerba
448 2466 597 2542 sectatur,
622 2465 699 2529 nihil
720 2464 864 2530 habebit:
889 2466 942 2547 qni
966 2466 1071 2529 antem
1086 2485 1249 2548 possessor
1266 2469 1314 2532 est

140 2594 171 2634 so
183 2568 307 2647 mentis,
325 2569 429 2653 diligit
444 2569 583 2633 animam
598 2587 698 2634 suam.
722 2567 771 2633 llt
784 2567 875 2651 post
890 2566 985 2631 Vllll
1000 2586 1159 2635 uersus:
1176 2571 1311 2654 Pigredo

183 2670 315 2735 inmittit
343 2691 497 2754 soporem,
532 2672 564 2735 et
595 2672 700 2735 anima
729 2670 884 2736 dissoluta
913 2671 1038 2736 esuriet.
1085 2673 1139 2754 qui
1173 2673 1313 2738 custodit

183 2773 378 2853 mandatum,
407 2773 548 2840 custodit
575 2775 713 2840 animam
735 2793 842 2840 suam:
876 2774 930 2856 qni
953 2775 1058 2839 autem
1081 2776 1222 2860 neglegit
1243 2777 1313 2843 nias

185 2895 269 2954 suae,
283 2875 533 2943 mortificabitur.
556 2876 738 2942 foeneratur
756 2877 882 2943 domino
898 2877 951 2961 qui
966 2877 1134 2943 miseretm
1155 2881 1311 2963 pauperis,

185 2980 217 3044 et
238 2979 490 3045 uicissitudinem
512 2999 603 3044 suam
626 2979 740 3045 reddet
763 2981 801 3045 ei.
847 2976 937 3046 erndi
958 2979 1059 3046 filium
1073 2981 1175 3062 tuum,
1198 3001 1237 3048 ne
1254 2983 1312 3048 de-

288 3134 459 3198 1Pron18,
479 3134 579 3189 17-19
659 3133 730 3189 tib.
747 3133 851 3188 21-24
869 3135 1052 3200 ethulil,
1073 3135 1139 3190 1-8
1225 3136 1259 3189 20
1277 3136 1314 3192 ib.

184 3221 287 3275 15-18

254 3361 267 3415 1
285 3360 346 3434 VII]
365 3362 457 3432 qninq3
475 3379 494 3415 a
597 3366 639 3416 ert
654 3363 725 3431 prior
741 3378 761 3416 α
850 3368 990 3418 contuor
1007 3363 1054 3427 ΡΙ,
1073 3368 1198 3418 conlator
1216 3364 1247 3420 0¹

182 3448 200 3502 8
220 3451 333 3518 quoodq3
350 3447 379 3504 1c
463 3448 481 3500 4
497 3449 589 3503 nelrel
602 3447 701 3503 two
784 3448 801 3500 5
817 3449 892 3519 item]
911 3449 935 3503 tr
952 3448 1021 3505 orta
1088 3449 1211 3504 mombnr
1223 3450 1252 3505 P

182 3535 202 3587 6
219 3533 389 3588 commodent
407 3534 501 3598 M¹P¹,
524 3532 671 3588 comedunt
690 3533 714 3589 S
813 3535 923 3589 multem
941 3534 1016 3589 ΜΨ
1102 3535 1132 3588 ’7
1149 3535 1247 3590 bonam
1265 3553 1316 3593 om.

185 3621 270 3676 Pus
347 3626 415 3690 poet
431 3637 533 3688 wem,
552 3637 623 3690 puae
640 3626 683 3675 eet
700 3619 824 3685 domino„
834 3621 905 3675 mooe
923 3636 1032 3690 waere,
1051 3623 1099 3690 put
1117 3627 1273 3690 nepotatur
1284 3624 1316 3678 ta

185 3725 213 3761 o:
231 3706 276 3776 qni
287 3706 395 3776 expellit
403 3706 539 3762 mulierem
550 3706 656 3772 bonam,
669 3706 777 3776 expellit
786 3705 899 3760 bonnm:
917 3708 961 3776 qni
972 3709 1062 3762 autem
1072 3709 1148 3762 tenet
1160 3707 1315 3774 adulteram,

183 3792 282 3846 stultns
295 3795 337 3846 est
348 3795 377 3847 et
387 3793 514 3862 insipiens
533 3792 639 3862 (impius
656 3794 684 3862 o)
704 3792 771 3847 odd.
789 3809 808 3846 a
912 3793 929 3848 8
946 3791 1147 3846 oblecranoner
1160 3791 1252 3862 MPO,
1270 3793 1316 3847 ob-

184 3885 331 3932 lecramone
348 3878 377 3935 R
449 3877 571 3948 loquetur
587 3897 604 3934 o
672 3879 689 3932 9
707 3877 855 3932 amncabnhr
868 3878 944 3948 Rea,
962 3876 1084 3932 amabilis
1101 3895 1118 3932 o
1188 3879 1220 3932 10
1239 3895 1317 3949 qnam

190 3980 243 4033 ,nes
268 3965 354 4034 (daco
371 3965 483 4020 litterae
500 3971 566 4020 aare
584 3964 721 4035 maneam
738 3980 784 4018 nea
802 3980 864 4020 cum
881 3965 1007 4035 marytre
1021 3964 1168 4032 praecisae
1187 3966 1266 4034 auant)
1279 3966 1315 4030 R,

183 4067 263 4120 qnam
275 4049 377 4106 dineso
456 4053 591 4122 torquens]
610 4068 661 4108 om.
679 4052 707 4107 R
787 4051 818 4105 11
837 4050 910 4106 labra
927 4067 960 4105 er
978 4052 1014 4122 R,
1031 4050 1104 4105 labia
1121 4067 1169 4105 sua
1187 4055 1215 4106 et
1232 4071 1248 4108 o

186 4137 220 4189 13
236 4135 401 4207 subplantat
419 4137 479 4192 MS
553 4138 587 4191 14
603 4137 641 4208 hi]
657 4139 697 4192 lnn
714 4139 747 4208 P,
765 4153 837 4193 erae
855 4155 894 4192 mr
911 4137 955 4208 M,
973 4155 1023 4194 om.
1042 4138 1090 4193 GR
1172 4139 1205 4193 16
1222 4139 1316 4196 colant

185 4224 224 4277 Μ
291 4224 323 4278 17
335 4223 543 4289 mbuend1M¹,
556 4225 711 4282 rrnbnenn*
730 4225 868 4297 (traam
934 4224 967 4278 19
979 4230 1124 4278 sectantur
1136 4267 1141 4279 .
1155 4223 1317 4280 debebunt

186 4311 209 4364 S
275 4310 325 4381 est]
344 4327 401 4364 ent
413 4312 451 4366 Ρι
525 4310 559 4365 20
576 4311 661 4383 vnn]
679 4312 704 4367 X
721 4311 749 4369 R
823 4311 856 4364 28
873 4327 981 4381 paupert
998 4311 1110 4366 MPGR
1183 4311 1218 4364 24
1234 4319 1318 4368 mom-

185 4392 286 4450 rndme
304 4395 349 4450 Μ’
