3159 4967
247 397 290 463 88
635 399 661 454 S.
679 399 793 453 Aureli
810 399 993 469 Augustini

253 601 390 668 augures
412 587 591 653 habuerunt
610 590 647 654 nt
669 588 838 668 Philistum,
863 591 895 656 et
908 589 1014 673 pueris
1030 591 1140 656 adenis
1156 591 1377 658 adhaeserumt.

251 687 301 752 ut
327 690 420 772 post
446 693 494 756 ΙΙΙ
522 709 680 757 uersus:
712 693 848 776 Repleta
876 694 925 758 est
952 694 1037 758 terra
1066 695 1134 759 eius
1154 693 1264 761 idolis:
1300 714 1379 779 opus

247 810 400 859 manuum
430 813 558 860 suarnm
588 794 808 874 adorauerunt,
843 796 926 878 qnod
959 797 1102 863 iecemnt
1135 797 1227 880 digiti
1261 817 1378 864 eorum.

251 897 299 961 lec
331 900 422 981 post
454 898 482 963 V
516 917 679 964 uersus:
715 898 798 981 Quia
827 899 894 965 dies
923 900 1040 966 domini
1070 901 1264 967 exercituum
1286 921 1380 986 super

250 1019 375 1066 omnem
397 1003 567 1085 superbum
591 1003 624 1068 et
646 1003 805 1068 excelsum
835 1004 867 1068 et
894 1023 988 1086 super
1010 1023 1134 1070 omnem
1158 1005 1380 1088 adrogantem:
1406 1017 1421 1059 ⁵

251 1106 284 1169 et
305 1103 532 1171 humiliabitur.
577 1105 628 1172 ue
647 1106 766 1189 paulo
787 1107 894 1190 post:
917 1106 1072 1190 Populum
1094 1127 1200 1172 meum
1217 1109 1381 1174 exactores

252 1207 302 1272 sui
330 1207 555 1291 spoliauerunt,
591 1209 624 1274 et
644 1209 801 1292 mulieres
829 1208 1008 1276 dominatae
1037 1209 1111 1276 sunt
1140 1211 1217 1276 eius.
1267 1211 1381 1294 popule

249 1328 350 1389 mens,
367 1310 421 1393 qni
435 1312 565 1377 beatum
579 1313 613 1377 te
626 1312 743 1390 dicunt,
758 1312 820 1396 ipsi
834 1313 867 1376 te
884 1311 1054 1395 decipiunt,
1071 1314 1103 1378 et
1117 1313 1203 1378 uiam
1215 1332 1382 1398 gressuum

251 1416 378 1480 tuorum
402 1413 564 1498 dissipant
609 1415 658 1480 Et
679 1415 770 1497 post
792 1416 857 1480 ΙΙΙΙ
880 1434 1036 1482 uersus:
1064 1416 1130 1482 Vos
1153 1416 1236 1482 enim
1258 1417 1384 1500 depasti

253 1517 330 1583 astte
352 1519 479 1582 niueam
499 1537 615 1596 meam,
638 1519 748 1601 rapina
768 1519 916 1601 pauperis
943 1519 976 1584 in
1007 1518 1099 1586 domo
1123 1523 1239 1586 uestra
1285 1539 1382 1603 qnare
1396 1529 1423 1571 ¹⁰

251 1619 397 1686 adteritis
410 1622 562 1704 populum
583 1641 690 1686 meum
712 1622 745 1686 et
767 1621 865 1687 facies
886 1640 1059 1705 paupemm
1082 1623 1282 1701 commolitis,
1306 1622 1384 1687 dicit

252 1722 397 1790 dominns
421 1726 638 1789 exercituum?
662 1726 693 1788 et
716 1725 795 1788 dixit
817 1725 977 1790 domiuus:
1000 1744 1055 1807 pro
1079 1745 1115 1791 eo
1139 1725 1223 1809 quod
1239 1726 1383 1790 eleuatae

254 1828 328 1892 sunt
360 1826 446 1892 filiae
480 1827 555 1893 Sion
590 1830 623 1893 et
651 1828 893 1894 ambulauerunt
926 1829 1051 1894 extento
1080 1829 1161 1895 eollo
1195 1831 1227 1894 et
1256 1830 1384 1896 nutibus

254 1930 419 1995 oculorum
440 1930 529 1995 ibant
552 1931 585 1995 et
606 1930 809 2014 plaudebant,
835 1931 1039 1996 ambulabant
1062 1932 1094 1996 et
1115 1933 1146 1997 in
1162 1932 1295 2015 pedibus
1318 1932 1384 1998 suis

254 2033 415 2116 conpoaIto
438 2032 540 2116 gradu
561 2032 760 2099 incedebant.
804 2033 853 2097 nt
874 2034 991 2115 paulo
1013 2035 1116 2115 post:
1139 2034 1207 2099 Vas
1230 2036 1285 2117 qui
1307 2053 1384 2101 con·
1398 2043 1425 2087 1⁵

255 2136 386 2218 iungitis
410 2134 538 2202 domum
562 2136 603 2201 ad
626 2136 755 2201 domum
778 2137 811 2200 et
834 2155 944 2220 agrum
967 2137 1008 2201 ad
1032 2156 1142 2221 agrum
1157 2138 1313 2220 copulatis
1327 2157 1385 2203 us-

257 2258 318 2323 qne
343 2239 384 2303 ad
408 2241 584 2305 extremum
604 2239 683 2306 loci:
706 2239 859 2323 numquid
880 2239 1065 2306 habitabitis
1087 2238 1147 2306 soli
1161 2259 1219 2305 uos
1234 2241 1266 2304 iu
1282 2239 1387 2304 medio

253 2345 382 2409 terrae?
414 2343 447 2410 in
478 2343 605 2410 auribus
631 2343 712 2409 meis
742 2343 816 2408 sunt
842 2344 920 2408 haec
953 2341 1070 2408 domini
1093 2343 1296 2408 exercituum.
1341 2343 1388 2410 Et

254 2448 346 2530 post
367 2448 416 2512 ΙΠ
440 2466 600 2512 uersus:
629 2447 697 2511 Vae
729 2447 782 2529 qui
805 2446 994 2530 consurgitis
1022 2465 1114 2512 mane
1139 2446 1179 2510 sd
1202 2446 1387 2512 ebrietatem

258 2549 443 2616 sectandam
470 2550 502 2614 et
523 2548 696 2631 potandum
711 2567 813 2631 usque
830 2549 871 2614 ad
885 2567 1062 2632 uesperam,
1085 2549 1121 2613 ut
1136 2548 1208 2616 uino
1225 2549 1386 2614 aestuetis.
1400 2558 1428 2598 ²⁰

257 2654 381 2720 cithara
408 2655 440 2718 et
468 2654 537 2738 lyra
568 2653 600 2717 et
626 2653 810 2738 tympanum
840 2653 872 2716 et
892 2651 972 2718 tibia
995 2651 1028 2715 et
1048 2652 1156 2716 uinum
1177 2652 1210 2718 in
1233 2650 1388 2718 conuiuiIs

257 2759 391 2824 uestris:
416 2758 448 2822 et
471 2774 548 2839 opns
573 2754 690 2822 domini
705 2775 766 2820 non
780 2755 949 2837 respicitis,
973 2773 1030 2820 neo
1047 2773 1142 2838 opera
1154 2773 1305 2820 mannum
1321 2755 1389 2819 eins

360 2961 511 3029 2Es.2‚8
580 2959 651 3015 sib.
671 2960 704 3013 12
772 2958 883 3026 unsre,
899 2959 931 3013 12
1000 2957 1066 3014 eib.
1079 2958 1179 3014 14-16
1249 2959 1283 3013 15
1300 2959 1344 3016 Es.
1362 2958 1389 3025 5,

257 3045 326 3102 8-9
396 3046 428 3101 19
446 3045 483 3100 ib.
501 3046 603 3101 11—12

311 3217 549 3287 lphulrsriimBo
617 3217 757 3286 tquoiS
822 3215 1042 3286 NJpaueosa
1112 3215 1320 3284 teinsleisoo

259 3308 275 3360 9
292 3305 345 3360 IIII
363 3305 397 3359 S:
413 3289 473 3360 vl¹¹
485 3306 517 3368 Ρ,
535 3303 598 3358 VIII
609 3303 703 3368 More,
722 3304 825 3372 aliquos
844 3319 863 3356 a
933 3302 964 3355 11
985 3304 1075 3356 artui
1090 3300 1134 3367 Μ,
1154 3315 1265 3354 artetur
1284 3301 1322 3355 P¹

262 3391 429 3460 commolitis]
448 3388 660 3444 confundrrrsP²
730 3387 764 3442 14
781 3391 809 3442 et
821 3389 879 3458 ait]
898 3403 948 3443 oso.
967 3387 1078 3442 MPOB
1148 3386 1181 3440 15
1198 3391 1284 3456 gressu
1295 3387 1324 3442 R

260 3478 294 3532 16
306 3482 455 3546 comngrut
463 3475 513 3531 PS
573 3473 608 3529 ad
621 3474 720 3544 agrum]
734 3488 798 3543 agro
810 3474 846 3528 Ρ
915 3473 948 3528 17
962 3473 1113 3542 extremum]
1126 3487 1273 3526 terminum
1285 3471 1391 3536 MPSo,

259 3562 372 3617 r’mrnos
390 3564 418 3619 B
486 3561 546 3631 loen]
559 3560 687 3629 sequitur
699 3559 804 3614 loom
817 3560 904 3614 tricem
916 3559 1085 3627 litterarum,
1098 3557 1212 3612 deusde:
1222 3573 1258 3610 ux
1270 3556 1395 3610 afferam

258 3666 357 3722 primo,
382 3654 446 3705 tum
469 3649 574 3703 tecm
591 3647 679 3702 trium
696 3647 865 3714 ts'tterarom,
884 3650 958 3701 tum.-
983 3649 1095 3699 sumatur
1110 3643 1133 3699 te
1150 3643 1220 3697 seed
1240 3643 1324 3696 donec
1348 3640 1392 3695 de-

260 3735 340 3791 iuerat
359 3735 403 3790 nel
419 3750 476 3790 non
491 3740 531 3788 [ιτ
549 3733 622 3788 locut
636 3731 843 3794 transtulerunt
863 3730 907 3796 Μ,
926 3737 970 3815 esf
987 3729 1060 3784 Lxx
1075 3745 1113 3784 ιιτ
1131 3727 1263 3784 uniemur
1277 3728 1393 3797 proximo

261 3823 390 3879 umachnr
405 3822 428 3878 te
445 3821 549 3876 seodo'c
568 3823 610 3891 (os
629 3821 662 3875 irs
679 3822 748 3888 ras.)
768 3818 852 3874 donec
869 3816 984 3872 defrenat
1002 3839 1043 3871 sss
1061 3817 1113 3886 (est
1131 3816 1214 3882 erae.)
1233 3813 1341 3867 uelnon
1352 3818 1393 3867 [ιτ

259 3909 333 3964 locut
347 3907 554 3964 transtulerunt
573 3905 606 3973 P,
625 3922 661 3959 nt
680 3903 815 3959 auferatis
828 3919 925 3972 pnmo.
946 3905 1008 3970 (oen.
1025 3903 1056 3955 ut
1074 3899 1125 3955 anf.
1143 3916 1214 3969 prox.
1226 3900 1264 3968 R)
1284 3903 1397 3953 umacus

262 3995 409 4066 (symachus
427 3993 466 4062 a)
494 3993 517 4048 a
540 3993 615 4047 reod.
643 3989 794 4058 (theodone
812 3989 850 4057 R)
879 3988 962 4043 donee
987 3985 1103 4041 desuem
1126 3987 1170 4041 uel
1190 3999 1245 4039 non
1267 3991 1307 4040 nr
1323 3985 1396 4040 locus

260 4081 468 4136 mixnlerunt
488 4080 537 4136 OB
556 4079 603 4148 (ef.
624 4077 753 4147 Senecas.
777 4081 804 4130 et
822 4075 850 4132 S.
868 4073 1037 4144 Hieronymi
1055 4073 1154 4128 Geram.
1173 4072 1205 4126 e»
1222 4071 1304 4127 Erat.
1324 4071 1340 4126 t.
1360 4069 1398 4125 Π

261 4185 323 4238 cap.
344 4167 372 4224 V
436 4165 612 4221 habitatriS
676 4179 724 4217 nos
736 4163 831 4217 solicv
899 4159 932 4214 18
951 4159 1058 4229 domini]
1078 4157 1129 4212 due
1141 4157 1177 4223 R,
1196 4157 1261 4212 dreit
1272 4155 1394 4212 dominus

261 4274 298 4313 ao
383 4253 419 4308 20
435 4258 565 4309 sectante
581 4253 617 4307 Ρ
701 4253 837 4319 uesperum
855 4246 883 4303 P
967 4243 1135 4316 ermenfrid
1222 4242 1254 4296 21
1273 4243 1325 4297 lura
1343 4242 1394 4306 OS,

261 4341 385 4397 lnsraP¹
453 4337 631 4410 tymphanum
649 4337 717 4400 MP,
736 4333 907 4403 snnphanum
925 4331 948 4386 0
1015 4331 1097 4402 cybus
1115 4329 1175 4385 Mo
