3159 4967
264 448 327 516 308
487 445 534 499 De
551 443 677 516 diuInie
694 409 876 513 sorIptnris
893 441 966 497 sine
984 442 1169 512 Speculum.

265 633 350 721 prius
379 652 473 718 (luem
501 629 638 698 mundun
668 631 760 697 esset
798 631 900 698 Item
920 629 1030 697 illic:
1062 632 1236 716 Respondit
1266 632 1392 698 thomos

267 739 300 804 et
333 735 425 806 dixit:
461 735 604 802 dominns
633 754 724 802 meus
754 735 787 802 et
816 734 896 804 deus
920 738 1027 803 moue!
1051 735 1097 800 eit
1116 735 1165 802 illi
1185 735 1290 800 iesus:
1317 734 1393 818 quie

266 839 385 920 uidisti,
419 837 597 906 credidisti:
630 837 716 906 boeti
750 837 897 923 quinon
931 835 1081 904 uiderunt
1113 838 1146 904 et
1175 837 1391 903 erediderunt!

267 944 365 1009 Item
388 941 494 1008 illio:
517 941 606 1010 Heee
629 942 735 1007 eutem
760 940 878 1024 scripte
901 941 983 1020 sunt,
1006 943 1044 1006 ut
1058 938 1197 1008 credetis
1212 941 1286 1026 quie
1305 940 1394 1006 iesus

268 1045 405 1112 christus
426 1043 510 1112 filius
535 1041 585 1110 dei
609 1043 667 1124 est,
692 1043 730 1109 ut
751 1043 918 1110 eredentes
945 1044 1045 1110 uitem
1060 1044 1205 1111 habentis
1220 1044 1252 1109 in
1266 1044 1393 1110 nomine
1419 1065 1435 1106 e

268 1149 345 1216 eins.
389 1148 491 1214 Item
521 1145 736 1214 seeundum
764 1146 895 1212 lunum
933 1146 1101 1232 angelus
1132 1128 1179 1212 nd
1212 1147 1394 1214 merium:

269 1251 403 1338 Spiritus
417 1251 545 1318 sanetus
560 1247 761 1334 supemeniet
774 1249 807 1316 Iu
821 1249 854 1314 ts
871 1248 903 1314 et
916 1249 1019 1316 uirtus
1035 1249 1182 1316 ultissimi
1194 1249 1397 1316 obumbrabit

268 1355 310 1424 te.
346 1354 472 1442 propter
495 1350 579 1437 qnod
603 1353 635 1420 et
652 1351 706 1435 qui
722 1371 758 1417 ex
772 1352 806 1418 te
821 1351 968 1418 neeoetur
982 1353 1110 1420 sanetus
1125 1353 1289 1420 nocebitur
1308 1353 1395 1419 iilius

270 1458 330 1526 dei.
368 1458 468 1526 Item
490 1457 528 1524 in
552 1456 710 1552 notibus
735 1454 1022 1542 apostolorum:
1038 1455 1395 1540 Stepbnnueneroeum

270 1559 356 1630 esset
377 1561 488 1648 plenus
511 1561 622 1646 spiritu
645 1560 764 1640 saneto,
780 1561 917 1628 intendit
929 1561 962 1627 In
977 1560 1103 1627 eoelum
1118 1561 1151 1626 et
1164 1561 1247 1626 uidit
1260 1560 1396 1646 glorium
1410 1579 1437 1618 ιο

148 1715 156 1730 .
271 1665 323 1730 dei
360 1662 393 1730 et
429 1664 531 1732 iesum
565 1663 702 1730 stentem
740 1663 781 1730 nd
820 1662 981 1730 dexteram
1018 1663 1078 1730 dei.
1121 1664 1153 1731 et
1189 1663 1282 1730 dixit:
1319 1681 1396 1730 eooe

269 1767 364 1834 uideo
393 1767 500 1836 onelos
528 1767 651 1852 opertos
674 1767 707 1834 et
728 1765 829 1832 filium
850 1765 986 1834 hominis
1008 1767 1145 1834 stentem
1169 1765 1210 1833 ed
1232 1766 1396 1832 dexteram

270 1868 330 1936 dei.
376 1869 475 1936 Item
497 1868 604 1936 illie:
627 1869 669 1936 Et
689 1868 883 1952 respondens
907 1869 1006 1956 spedo
1030 1869 1090 1936 eit:
1112 1868 1206 1936 eredo
1227 1867 1327 1936 fibum
1342 1868 1396 1935 dei

218 2094 239 2138 ot
270 2095 353 2158 quem
379 2077 500 2138 mundns
528 2079 611 2138 esset
654 2077 744 2138 Item
775 2095 848 2153 oep.
877 2077 1027 2140 com:
1049 2079 1205 2155 Respondit
1230 2078 1257 2140 ei
1283 2081 1396 2142 thomas

269 2165 298 2224 et
331 2161 416 2222 dixit:
449 2162 577 2224 dominus
602 2179 681 2222 meus
710 2165 739 2222 et
768 2163 837 2223 dens
866 2169 962 2224 meust
998 2165 1087 2224 Item
1115 2182 1189 2240 eep.
1239 2211 1248 2236 .
1281 2183 1289 2225 :
1317 2167 1438 2228 Habet:

269 2249 363 2309 eutem
391 2248 498 2308 soribte
519 2249 595 2320 sunt,
622 2250 656 2307 nt
678 2247 798 2308 enodetis
821 2249 888 2323 quie
909 2249 985 2310 iesus
1008 2250 1142 2321 cbristus,
1162 2249 1240 2310 tilius
1262 2251 1317 2324 dei,
1339 2256 1395 2312 est.

269 2334 468 2395 Seonndum
496 2332 607 2394 luoem
637 2351 708 2409 esp.
730 2335 760 2395 1:
793 2335 874 2394 binii
899 2335 1019 2409 angelus
1046 2335 1084 2395 ed
1110 2337 1243 2396 murium:
1276 2338 1396 2413 episimo

268 2421 385 2484 emotus
400 2419 579 2496 superueniet
593 2420 623 2480 in
638 2420 675 2480 te.
712 2419 752 2480 In
774 2420 920 2480 entibus
942 2421 1190 2497 apostulorum
1212 2439 1285 2498 oop.
1301 2424 1396 2486 XVII:

196 2519 199 2526 ’
269 2506 428 2584 Stephanus
449 2521 516 2566 uero
537 2523 600 2566 oum
622 2505 699 2564 esset
722 2505 823 2582 plenus
845 2506 949 2582 spiritu
970 2509 1077 2569 saneto.
1114 2508 1205 2570 Item
1387 2551 1396 2568 .

267 2591 305 2651 nt
326 2592 498 2668 respondens
521 2591 608 2668 spado
633 2587 703 2672 <spi
718 2609 736 2650 e
750 2586 820 2672 deo>
845 2591 901 2651 ebt:
924 2593 1005 2654 oredo
1019 2592 1108 2652 filium
1122 2594 1167 2654 dei
1181 2611 1245 2654 esse
1260 2595 1397 2656 christum
1411 2615 1439 2656 m

217 2795 242 2858 μ
271 2779 384 2840 aeterne
419 2792 533 2854 usque
568 2775 734 2854 prinsquam
769 2779 890 2838 mundus
927 2781 1011 2839 esset.
1064 2780 1151 2840 Item
1188 2798 1262 2858 oep.
1298 2783 1397 2844 XIIII:

269 2861 426 2938 Respondit
446 2863 471 2920 ei
493 2863 620 2922 thomas:
643 2862 771 2922 dominus
794 2880 872 2922 mens
895 2864 923 2923 et
944 2865 1013 2924 dens
1028 2867 1123 2925 mensi
1144 2883 1255 2942 usqne
1278 2869 1326 2942 qui
1339 2885 1397 2928 non

269 2947 401 3008 uiderunt
423 2948 458 3007 et
488 2947 673 3008 erediderunt.
717 2947 807 3007 Item
836 2964 913 3024 oep.
944 2949 1039 3010 XIIII:
1069 2951 1147 3010 Hneo
1175 2955 1269 3012 entem
1289 2954 1398 3029 seriptn

193 3053 197 3060 ·
271 3036 346 3104 sunt,
380 3031 413 3091 ut
445 3032 565 3092 credetis
595 3049 712 3108 nsque
741 3033 772 3092 in
800 3035 912 3093 nomine
939 3036 1010 3095 eins.
1055 3037 1255 3097 Secundum
1280 3038 1395 3099 lucem

271 3135 343 3193 nep.
365 3116 395 3177 I:
424 3117 462 3176 Et
490 3118 662 3192 respondens
692 3118 810 3193 angelus
833 3120 906 3178 dixit
926 3120 968 3179 ei:
997 3122 1116 3196 spiritus
1145 3125 1260 3183 sunotns
1281 3142 1397 3200 nsque
1410 3141 1439 3184 :s

269 3201 415 3262 uoeebitur
457 3201 532 3261 iilius
569 3203 623 3262 dei.
677 3203 719 3263 In
756 3205 909 3264 entibus
952 3207 1200 3283 apostolorum
1235 3226 1307 3285 nep.
1329 3211 1396 3270 XX:

271 3290 362 3359 Quum
390 3288 483 3347 eutem
511 3289 587 3348 esset
620 3287 721 3364 plenus
750 3290 854 3364 spititu
883 3293 990 3362 saneto,
1013 3309 1125 3368 usqne
1147 3295 1269 3354 stentem
1290 3312 1309 3354 e
1330 3297 1395 3356 dex·

270 3373 323 3433 tris
357 3372 410 3433 dei.
454 3371 541 3433 Item
571 3389 642 3450 esp.
666 3374 790 3434 XXIIII:
826 3377 1010 3452 Respondenn
1041 3378 1184 3439 ennnebus
1222 3381 1277 3439 nit:
1314 3383 1396 3442 eredo

374 3572 461 3628 IIoh.
479 3571 522 3640 Μ),
540 3571 643 3629 28-29
733 3574 823 3629 410n.
839 3574 882 3643 20,
901 3577 933 3633 el
1027 3577 1120 3634 ILuo.
1140 3580 1164 3644 1,
1182 3579 1215 3634 35
1304 3583 1397 3637 bist

272 3659 297 3724 7,
315 3658 348 3712 55
452 3658 486 3713 13
502 3660 562 3715 Aet.
580 3659 606 3727 8,
623 3660 657 3714 37

323 3844 340 3899 2
352 3861 401 3902 om.
411 3861 457 3916 pr.
470 3861 543 3902 meus
556 3847 593 3902 Μ
664 3847 806 3918 quieudisti
819 3849 843 3905 S
916 3847 1036 3906 sufflati
1046 3868 1089 3906 me
1104 3853 1192 3916 VLGo
1268 3857 1397 3912 Isenbte

273 3933 296 3988 S
383 3933 889 4000 dfiliusestdIS,estfiliusdIL
975 3938 1088 3995 &uto
1170 3939 1396 4014 ddixitungelus

272 4016 385 4074 mo
449 4065 452 4070 .
485 4019 501 4074 7
519 4019 686 4077 obumbranti
704 4022 790 4078 sm
870 4023 908 4094 te]
925 4024 977 4080 tibi
995 4024 1125 4083 MVLGo
1225 4027 1242 4083 8
1259 4032 1398 4100 propterea

272 4105 301 4158 et
318 4101 387 4174 quod
403 4113 526 4162 noscetur
543 4109 619 4163 exte
636 4109 756 4163 semotum
773 4108 888 4166 ΜΗΘ
961 4111 978 4165 9
996 4112 1075 4166 uetuit
1092 4111 1170 4170 ΜΨ
1245 4113 1277 4169 ll
1295 4115 1397 4172 uerbo:

273 4190 301 4242 et
317 4188 400 4244 Iesum
417 4191 451 4246 st.
468 4207 491 4246 n
510 4191 536 4248 d
554 4191 598 4248 dei
614 4209 664 4252 om.
683 4193 799 4251 MVLG
889 4194 964 4267 diuit]
983 4197 1022 4252 eit
1043 4195 1079 4254 Oo
1175 4200 1242 4270 ecoe]
1262 4216 1310 4271 epo
1329 4201 1396 4258 odd

273 4272 362 4332 Mn
464 4275 497 4331 18
523 4275 574 4348 dei]
600 4279 706 4334 uittutIs
732 4278 850 4338 mbo
948 4281 1011 4352 illio]
1038 4282 1067 4337 in
1093 4281 1196 4338 notibus
1221 4288 1308 4355 (eotud
1327 4279 1399 4357 XIV)

274 4361 449 4428 apostolorum
465 4361 583 4421 uno
598 4363 650 4434 (sic
667 4365 760 4432 infra)
