3159 4967
261 454 304 520 72
650 452 676 506 S.
691 451 808 506 Aureli
826 451 1007 520 Augustini

262 642 364 708 multo
384 641 466 707 enim
488 641 599 706 melior
621 642 671 706 est
692 640 891 706 oboedientia
919 659 1013 722 quam
1043 640 1209 706 stultorum
1231 643 1391 722 uictimas,

267 746 322 829 qui
351 745 504 824 nesciunt,
539 743 615 827 quid
636 744 755 810 faciant
786 745 872 810 mali.
916 743 964 809 Ne
992 745 1111 810 temere
1141 745 1217 828 quid
1243 745 1392 829 loquaris,

264 869 368 933 nequo
392 850 557 914 cortuum
581 848 735 914 situalox
765 849 808 913 ad
834 848 1054 932 proferendum
1082 867 1258 914 sermonem
1285 867 1392 915 coram

266 953 336 1018 deo.
382 953 460 1018 deus
483 952 566 1017 enim
587 952 620 1016 in
650 952 738 1018 eaelo
770 954 803 1016 et
830 954 865 1017 tn
888 972 980 1036 super
1008 954 1143 1018 terram:
1177 951 1296 1018 ideireo
1330 953 1393 1018 sint

264 1055 358 1139 panoi
392 1074 552 1121 sermones
584 1056 641 1120 tui.
684 1056 803 1121 multas
834 1075 926 1122 ouras
955 1057 1103 1121 secuntur
1137 1057 1267 1134 somnia,
1302 1055 1392 1120 etin
1419 1077 1433 1116 a

263 1160 373 1226 multis
395 1159 590 1225 sermonibus
611 1160 769 1224 inuenitur
792 1160 936 1224 stultitia.
981 1160 1007 1225 si
1030 1159 1106 1242 qnid
1120 1159 1237 1224 uouisti
1260 1158 1329 1238 deo,
1353 1177 1392 1224 ne

263 1263 397 1330 moreris
418 1262 567 1328 reddere:
597 1263 743 1346 displicet
758 1263 840 1327 onim
857 1261 886 1326 ei
900 1261 1036 1328 infidelis
1052 1263 1085 1326 et
1099 1262 1198 1327 stulta
1211 1262 1392 1344 promissio:

268 1365 326 1432 sad
358 1365 578 1450 quodcumque
611 1366 738 1432 noueris
770 1364 885 1430 redde:
919 1366 1081 1448 multoque
1113 1365 1227 1431 melius
1256 1367 1305 1430 ost
1331 1383 1393 1428 non

264 1489 382 1535 nonore
406 1488 502 1552 quam
529 1469 602 1552 post
628 1469 738 1534 uotum
759 1468 915 1550 promissa
937 1487 996 1532 non
1018 1467 1160 1532 reddere.
1206 1485 1244 1532 ne
1268 1465 1394 1532 dederis

267 1593 302 1639 os
324 1575 425 1651 tuum,
448 1575 485 1639 ut
505 1591 638 1656 peooara
661 1571 760 1637 lanias
774 1590 902 1636 earnem
923 1570 1022 1649 tuam,
1046 1590 1147 1654 nequo
1172 1571 1259 1638 dieas
1287 1589 1393 1638 eoram
1408 1589 1435 1629 ro

267 1678 396 1760 angelo:
420 1697 480 1743 non
504 1677 553 1741 est
573 1675 789 1758 prouidentia:
819 1695 857 1739 ne
880 1675 959 1740 lorto
980 1675 1079 1740 natus
1103 1676 1180 1741 dous
1210 1694 1303 1758 super
1324 1693 1392 1739 ser·

268 1800 361 1845 mone
382 1781 438 1845 tuo
462 1779 594 1861 dissipet
615 1779 731 1842 orrnota
752 1796 847 1860 opera
867 1796 1018 1842 manuum
1038 1779 1173 1844 turnum,
1218 1779 1272 1845 nbi
1294 1777 1396 1842 multa

271 1885 344 1948 sunt
372 1882 503 1958 somnia,
536 1881 689 1963 plurimae
716 1881 874 1946 sanitates
908 1881 940 1946 ot
968 1899 1128 1947 sermones
1156 1882 1326 1946 innumeri:
1358 1881 1394 1945 tu

270 2005 346 2051 uero
370 1985 464 2050 deum
485 1984 572 2048 time.
617 1984 664 2048 Et
685 1983 774 2066 post
796 1984 841 2048 VI
864 2001 1019 2048 uersus:
1043 1983 1167 2049 Auarus
1182 2004 1243 2050 non
1258 1983 1395 2066 inpletur

266 2090 418 2174 pecunia:
442 2089 475 2151 et
496 2087 550 2170 qui
573 2089 660 2153 amat
682 2087 820 2164 diuitias,
843 2086 964 2152 duona
986 2106 1046 2153 non
1069 2087 1174 2170 oapiot
1196 2107 1234 2152 er
1257 2088 1312 2152 eis.
1349 2085 1395 2151 Et
1408 2100 1437 2140 1⁵

268 2192 475 2275 aliquanto
497 2191 601 2273 post:
636 2190 752 2255 Melius
781 2191 830 2254 est
860 2191 906 2255 ire
937 2189 977 2254 ad
1007 2189 1133 2254 domum
1161 2191 1267 2255 luctus
1300 2207 1394 2272 quam

271 2295 311 2360 ad
335 2295 463 2360 domum
484 2294 636 2359 conuiuii:
662 2295 694 2358 in
715 2293 772 2357 illa
794 2293 876 2357 enim
905 2291 975 2357 finis
1001 2294 1187 2358 cunctorum
1210 2293 1396 2358 admonetur

270 2398 442 2475 hominum,
466 2397 498 2462 et
519 2397 630 2462 niuens
648 2396 777 2480 cogitat,
803 2395 878 2480 quid
900 2395 1039 2460 futurum
1062 2397 1111 2461 sit.
1146 2397 1257 2461 molior
1279 2397 1328 2461 est
1349 2395 1396 2460 ira

266 2502 350 2567 risu:
374 2502 448 2584 qnia
468 2519 524 2584 per
545 2501 707 2566 tristitiam
729 2501 838 2565 nultus
856 2499 1022 2582 corrigitur
1038 2499 1159 2564 animus
1176 2499 1393 2582 delinquentis.

268 2623 322 2670 eor
344 2604 542 2687 sapientium,
564 2604 619 2669 ubi
633 2604 764 2668 tristitia
786 2605 847 2668 est:
872 2604 904 2668 et
925 2621 980 2668 eor
1002 2603 1179 2680 stultorum,
1195 2604 1248 2669 ubi
1263 2602 1394 2668 laetitia.
1409 2601 1437 2654 ¹⁶

265 2708 381 2772 melius
404 2708 452 2772 est
474 2727 493 2772 a
515 2707 656 2790 sapiente
677 2707 792 2789 corripi
822 2725 915 2789 quam
944 2705 1111 2770 stultorum
1135 2706 1314 2772 adulatione
1337 2705 1396 2770 de-

269 2811 347 2894 oipi:
370 2809 446 2893 qnia
469 2810 552 2875 siout
574 2811 694 2875 sonitus
717 2810 875 2892 spinarum
893 2808 1067 2874 ardentium
1083 2811 1140 2876 sub
1157 2809 1229 2888 olla,
1253 2811 1298 2876 sio
1314 2810 1396 2878 risus

270 2913 368 2979 stulti.
413 2914 460 2979 Et
480 2915 569 2997 post
593 2915 659 2979 IIII
681 2932 839 2978 uersus:
862 2912 976 2978 Melior
998 2914 1047 2977 ost
1067 2913 1191 2996 patiens
1215 2913 1396 2996 adrogante.

269 3036 309 3080 no
331 3017 424 3081 uelox
449 3017 492 3082 sis
516 3017 556 3081 ad
577 3016 794 3082 irascendum:
818 3015 892 3099 quia
912 3015 960 3080 ira
981 3017 1012 3080 in
1029 3015 1097 3082 sinu
1114 3017 1202 3081 stulti
1217 3015 1396 3100 requiescit

272 3138 313 3183 ne
337 3118 440 3184 dieas:
464 3119 541 3203 quid
561 3122 655 3202 putas
677 3139 793 3184 oausao
817 3118 964 3202 estquod
985 3119 1090 3202 priora
1110 3121 1253 3203 tempora
1267 3119 1439 3184 meliora²⁵

271 3223 369 3302 fuere,
393 3242 487 3306 quam
510 3243 590 3287 nune
614 3223 707 3288 sunt?
741 3221 839 3286 stulta
867 3223 917 3286 est
943 3223 1025 3286 enim
1054 3221 1271 3288 huiuscemodi
1297 3221 1398 3286 inter-

371 3428 404 3483 14
421 3427 507 3482 neele.
523 3428 549 3491 5,
567 3429 587 3481 9
654 3428 686 3482 16
703 3427 788 3482 Eoole.
807 3427 832 3490 7,
850 3427 917 3480 3-7
986 3427 1020 3480 23
1038 3426 1073 3482 ib.
1092 3427 1174 3482 a-ll

321 3595 512 3651 lobedrenrra
529 3596 581 3651 RS
662 3597 750 3666 quam]
770 3602 843 3665 quan
861 3595 896 3650 P¹
983 3596 1137 3650 laeserant
1157 3595 1216 3650 MC
1300 3611 1400 3652 umere

267 3683 342 3738 M⁴O
406 3682 654 3752 aenimlenenlw
722 3682 970 3753 tulrurssomd
1035 3683 1189 3736 treoonrur
1199 3682 1331 3736 snmadss

267 3776 494 3847 dormierat*
587 3784 680 3846 pmrdo
699 3821 706 3833 .
725 3823 731 3834 .
749 3811 759 3827 ·
777 3784 862 3848 pmrsa
879 3778 954 3832 ΜΡΙ
1047 3778 1136 3831 anon
1153 3751 1261 3830 reddire
1278 3751 1401 3845 primitia

269 3863 294 3918 S
358 3862 450 3918 radere
466 3862 514 3917 Μι
584 3863 616 3918 10
634 3869 663 3918 or
679 3867 701 3934 (r
716 3865 819 3919 ieras.
833 3863 957 3918 damam
975 3863 1041 3930 litt.)
1055 3863 1093 3916 M
1160 3863 1251 3932 neque]
1265 3862 1335 3918 neS

272 3949 303 4008 11
324 3947 504 4017 deusldiisS
569 3949 602 4004 12
619 3952 776 4006 conouaM
841 3964 948 4004 manum
964 3950 1039 4004 ΜΡι
1111 3950 1143 4002 14
1159 3949 1336 4004 rimedrnG

270 4033 303 4087 16
319 4037 379 4103 port
395 4034 559 4103 aliquantum
576 4053 595 4088 o
681 4037 713 4090 17
732 4052 836 4091 eonmur
854 4037 892 4090 M
973 4034 1116 4089 finerMG
1194 4049 1258 4088 cuno
1275 4043 1359 4088 rnatu
1375 4035 1400 4101 (o

271 4119 407 4187 ι1α1.)Μ
472 4114 626 4175 admonent
644 4121 688 4191 Μ,
706 4120 897 4176 admoneretur
914 4121 978 4177 1³¹0
1044 4123 1075 4177 21
1088 4135 1189 4189 oornpe
1207 4120 1289 4185 MP‘,
1307 4134 1402 4188 oomgr

271 4206 296 4261 S
399 4204 558 4261 adolatione
569 4210 666 4271 (olona
683 4208 730 4276 Μ)
748 4207 835 4262 ΜΡΟ
935 4206 969 4261 23
986 4213 1094 4276 pauent
1109 4209 1157 4276 (ore
1174 4207 1206 4259 ia
1223 4222 1281 4262 raa.
1299 4223 1333 4262 aa
1352 4205 1401 4272 al.)

272 4292 311 4346 Μ
394 4305 528 4360 aroganra
547 4292 576 4356 0,
594 4308 741 4362 arrogante
758 4292 883 4348 M‘PRS
973 4292 1007 4346 24
1024 4293 1060 4362 in]
1079 4309 1129 4348 em.
1150 4291 1180 4346 8¹
1275 4293 1308 4346 25
1326 4297 1403 4347 eausa

267 4377 334 4431 12¹8
400 4375 449 4444 est]
469 4391 518 4430 om.
537 4377 564 4431 R
