<?xml version="1.0" encoding="UTF-8"?>
<!DOCTYPE html PUBLIC "-//W3C//DTD XHTML 1.0 Transitional//EN"
    "http://www.w3.org/TR/xhtml1/DTD/xhtml1-transitional.dtd">
<html xmlns="http://www.w3.org/1999/xhtml" xml:lang="en" lang="en">
 <head>
  <title>
</title>
<meta http-equiv="Content-Type" content="text/html;charset=utf-8" />
  <meta name='ocr-system' content='tesseract 3.04.00' />
  <meta name='ocr-capabilities' content='ocr_page ocr_carea ocr_par ocr_line ocrx_word'/>
</head>
<body>
  <div class='ocr_page' id='page_1' title='image "./corpusscriptoru19wissgoog_0293.png"; bbox 0 0 3159 4967; ppageno 0'>
   <div class='ocr_carea' id='block_1_1' title="bbox 644 432 1408 504">
    <p class='ocr_par' dir='ltr' id='par_1_1' title="bbox 644 432 1408 504">
     <span class='ocr_line' id='line_1_1' title="bbox 644 432 1408 504; baseline -0.008 -16"><span class='ocrx_word' id='word_1_1' title='bbox 644 432 826 502; x_wconf 80' lang='lat' dir='ltr'><strong>Speculum.</strong></span> <span class='ocrx_word' id='word_1_2' title='bbox 874 466 878 474; x_wconf 75' lang='lat'><em>‹</em></span> <span class='ocrx_word' id='word_1_3' title='bbox 1234 437 1299 504; x_wconf 71' lang='lat'>233</span> <span class='ocrx_word' id='word_1_4' title='bbox 1403 463 1408 470; x_wconf 82' lang='lat'>.</span> 
     </span>
    </p>
   </div>
   <div class='ocr_carea' id='block_1_2' title="bbox 95 616 1394 3384">
    <p class='ocr_par' dir='ltr' id='par_1_2' title="bbox 95 616 1394 3384">
     <span class='ocr_line' id='line_1_2' title="bbox 168 616 1301 702; baseline 0.002 -18"><span class='ocrx_word' id='word_1_5' title='bbox 168 618 320 702; x_wconf 82' lang='lat' dir='ltr'>eorporis.</span> <span class='ocrx_word' id='word_1_6' title='bbox 366 617 423 682; x_wconf 87' lang='lat' dir='ltr'>sod</span> <span class='ocrx_word' id='word_1_7' title='bbox 459 616 543 683; x_wconf 82' lang='lat' dir='ltr'>sieut</span> <span class='ocrx_word' id='word_1_8' title='bbox 581 616 718 684; x_wconf 84' lang='lat' dir='ltr'>ecelesia</span> <span class='ocrx_word' id='word_1_9' title='bbox 757 619 902 687; x_wconf 68' lang='lat' dir='ltr'>subiecta</span> <span class='ocrx_word' id='word_1_10' title='bbox 934 621 984 686; x_wconf 80' lang='lat' dir='ltr'>est</span> <span class='ocrx_word' id='word_1_11' title='bbox 1016 620 1150 698; x_wconf 74' lang='lat' dir='ltr'>Christo,</span> <span class='ocrx_word' id='word_1_12' title='bbox 1187 622 1234 689; x_wconf 79' lang='lat' dir='ltr'>iia</span> <span class='ocrx_word' id='word_1_13' title='bbox 1265 623 1301 688; x_wconf 75' lang='lat' dir='ltr'>ei</span> 
     </span>
     <span class='ocr_line' id='line_1_3' title="bbox 172 721 1298 806; baseline 0.005 -20"><span class='ocrx_word' id='word_1_14' title='bbox 172 721 322 788; x_wconf 82' lang='lat' dir='ltr'>mulianas</span> <span class='ocrx_word' id='word_1_15' title='bbox 344 721 421 786; x_wconf 87' lang='lat' dir='ltr'>uiris</span> <span class='ocrx_word' id='word_1_16' title='bbox 444 721 509 786; x_wconf 91' lang='lat' dir='ltr'>suis</span> <span class='ocrx_word' id='word_1_17' title='bbox 531 721 563 786; x_wconf 95' lang='lat' dir='ltr'>in</span> <span class='ocrx_word' id='word_1_18' title='bbox 591 721 744 788; x_wconf 88' lang='lat' dir='ltr'>omnibus.</span> <span class='ocrx_word' id='word_1_19' title='bbox 782 723 853 801; x_wconf 81' lang='lat' dir='ltr'>uiri,</span> <span class='ocrx_word' id='word_1_20' title='bbox 886 723 1009 806; x_wconf 78' lang='lat' dir='ltr'>diligite</span> <span class='ocrx_word' id='word_1_21' title='bbox 1029 743 1143 790; x_wconf 80' lang='lat' dir='ltr'>uxores</span> <span class='ocrx_word' id='word_1_22' title='bbox 1164 725 1298 804; x_wconf 79' lang='lat' dir='ltr'>uestras,</span> 
     </span>
     <span class='ocr_line' id='line_1_4' title="bbox 174 823 1299 910; baseline 0.003 -19"><span class='ocrx_word' id='word_1_23' title='bbox 174 825 257 891; x_wconf 74' lang='lat' dir='ltr'>sieut</span> <span class='ocrx_word' id='word_1_24' title='bbox 279 826 311 888; x_wconf 80' lang='lat' dir='ltr'>ei</span> <span class='ocrx_word' id='word_1_25' title='bbox 334 824 478 892; x_wconf 81' lang='lat' dir='ltr'>Christus</span> <span class='ocrx_word' id='word_1_26' title='bbox 502 823 612 890; x_wconf 70' lang='lat' dir='ltr'>dilexit</span> <span class='ocrx_word' id='word_1_27' title='bbox 644 825 823 904; x_wconf 78' lang='lat' dir='ltr'>ecelesiam,</span> <span class='ocrx_word' id='word_1_28' title='bbox 854 827 887 892; x_wconf 78' lang='lat' dir='ltr'>ei</span> <span class='ocrx_word' id='word_1_29' title='bbox 908 845 942 892; x_wconf 88' lang='lat' dir='ltr'>se</span> <span class='ocrx_word' id='word_1_30' title='bbox 964 827 1067 910; x_wconf 78' lang='lat' dir='ltr'>ipsam</span> <span class='ocrx_word' id='word_1_31' title='bbox 1088 826 1223 893; x_wconf 78' lang='lat' dir='ltr'>uadidia</span> <span class='ocrx_word' id='word_1_32' title='bbox 1242 846 1299 909; x_wconf 80' lang='lat' dir='ltr'>pto</span> 
     </span>
     <span class='ocr_line' id='line_1_5' title="bbox 175 926 1299 1012; baseline 0.002 -20"><span class='ocrx_word' id='word_1_33' title='bbox 175 947 222 1006; x_wconf 82' lang='lat' dir='ltr'>aa,</span> <span class='ocrx_word' id='word_1_34' title='bbox 252 930 287 994; x_wconf 79' lang='lat' dir='ltr'>ui</span> <span class='ocrx_word' id='word_1_35' title='bbox 313 927 413 992; x_wconf 84' lang='lat' dir='ltr'>illam·</span> <span class='ocrx_word' id='word_1_36' title='bbox 426 926 650 1006; x_wconf 75' lang='lat' dir='ltr'>sanctificaret,</span> <span class='ocrx_word' id='word_1_37' title='bbox 678 928 836 996; x_wconf 87' lang='lat' dir='ltr'>mundans</span> <span class='ocrx_word' id='word_1_38' title='bbox 856 929 986 996; x_wconf 81' lang='lat' dir='ltr'>leuaero</span> <span class='ocrx_word' id='word_1_39' title='bbox 1009 948 1110 1012; x_wconf 87' lang='lat' dir='ltr'>aquae</span> <span class='ocrx_word' id='word_1_40' title='bbox 1131 931 1163 995; x_wconf 92' lang='lat' dir='ltr'>in</span> <span class='ocrx_word' id='word_1_41' title='bbox 1184 931 1299 997; x_wconf 83' lang='lat' dir='ltr'>uerbo:</span> 
     </span>
     <span class='ocr_line' id='line_1_6' title="bbox 142 1023 1300 1124; baseline 0.004 -30"><span class='ocrx_word' id='word_1_42' title='bbox 142 1033 210 1096; x_wconf 74' lang='lat' dir='ltr'>eut</span> <span class='ocrx_word' id='word_1_43' title='bbox 244 1031 405 1124; x_wconf 80' lang='lat' dir='ltr'>enhibaret</span> <span class='ocrx_word' id='word_1_44' title='bbox 436 1031 504 1113; x_wconf 86' lang='lat' dir='ltr'>ipse</span> <span class='ocrx_word' id='word_1_45' title='bbox 537 1031 597 1096; x_wconf 87' lang='lat' dir='ltr'>sibi</span> <span class='ocrx_word' id='word_1_46' title='bbox 628 1031 801 1115; x_wconf 82' lang='lat' dir='ltr'>gloriosam</span> <span class='ocrx_word' id='word_1_47' title='bbox 835 1033 1013 1112; x_wconf 77' lang='lat' dir='ltr'>eeclesiam,</span> <span class='ocrx_word' id='word_1_48' title='bbox 1039 1052 1102 1098; x_wconf 88' lang='lat' dir='ltr'>non</span> <span class='ocrx_word' id='word_1_49' title='bbox 1130 1023 1300 1099; x_wconf 74' lang='lat' dir='ltr'>habendam</span> 
     </span>
     <span class='ocr_line' id='line_1_7' title="bbox 175 1135 1302 1218; baseline -0.001 -17"><span class='ocrx_word' id='word_1_50' title='bbox 175 1136 334 1202; x_wconf 76' lang='lat' dir='ltr'><strong>maculam</strong></span> <span class='ocrx_word' id='word_1_51' title='bbox 356 1135 411 1200; x_wconf 79' lang='lat' dir='ltr'>aut</span> <span class='ocrx_word' id='word_1_52' title='bbox 431 1153 554 1218; x_wconf 83' lang='lat' dir='ltr'>rugam,</span> <span class='ocrx_word' id='word_1_53' title='bbox 578 1135 634 1200; x_wconf 79' lang='lat' dir='ltr'>ani</span> <span class='ocrx_word' id='word_1_54' title='bbox 656 1135 775 1218; x_wconf 76' lang='lat' dir='ltr'>aliquid</span> <span class='ocrx_word' id='word_1_55' title='bbox 798 1136 963 1214; x_wconf 79' lang='lat' dir='ltr'>eiusmodi,</span> <span class='ocrx_word' id='word_1_56' title='bbox 990 1136 1049 1202; x_wconf 90' lang='lat' dir='ltr'>sed</span> <span class='ocrx_word' id='word_1_57' title='bbox 1069 1137 1105 1200; x_wconf 82' lang='lat' dir='ltr'>ui</span> <span class='ocrx_word' id='word_1_58' title='bbox 1126 1137 1169 1202; x_wconf 79' lang='lat' dir='ltr'>sii</span> <span class='ocrx_word' id='word_1_59' title='bbox 1190 1137 1302 1202; x_wconf 73' lang='lat' dir='ltr'>saneta</span> 
     </span>
     <span class='ocr_line' id='line_1_8' title="bbox 175 1238 1301 1324; baseline 0 -20"><span class='ocrx_word' id='word_1_60' title='bbox 175 1241 208 1304; x_wconf 82' lang='lat' dir='ltr'>ei</span> <span class='ocrx_word' id='word_1_61' title='bbox 239 1238 443 1304; x_wconf 73' lang='lat' dir='ltr'>inmaculata.</span> <span class='ocrx_word' id='word_1_62' title='bbox 479 1239 525 1304; x_wconf 82' lang='lat' dir='ltr'>ita</span> <span class='ocrx_word' id='word_1_63' title='bbox 558 1239 591 1324; x_wconf 73' lang='lat' dir='ltr'>et</span> <span class='ocrx_word' id='word_1_64' title='bbox 624 1239 684 1302; x_wconf 84' lang='lat' dir='ltr'>uin&#39;</span> <span class='ocrx_word' id='word_1_65' title='bbox 714 1239 831 1306; x_wconf 78' lang='lat' dir='ltr'>debant</span> <span class='ocrx_word' id='word_1_66' title='bbox 861 1239 993 1322; x_wconf 80' lang='lat' dir='ltr'>diligere</span> <span class='ocrx_word' id='word_1_67' title='bbox 1020 1258 1132 1305; x_wconf 80' lang='lat' dir='ltr'>uxores</span> <span class='ocrx_word' id='word_1_68' title='bbox 1162 1259 1235 1305; x_wconf 86' lang='lat' dir='ltr'>suas</span> <span class='ocrx_word' id='word_1_69' title='bbox 1264 1241 1301 1304; x_wconf 78' lang='lat' dir='ltr'>nt</span> 
     </span>
     <span class='ocr_line' id='line_1_9' title="bbox 175 1341 1323 1426; baseline 0.002 -20"><span class='ocrx_word' id='word_1_70' title='bbox 175 1360 306 1424; x_wconf 79' lang='lat' dir='ltr'>caupona</span> <span class='ocrx_word' id='word_1_71' title='bbox 326 1360 394 1406; x_wconf 89' lang='lat' dir='ltr'>sna.</span> <span class='ocrx_word' id='word_1_72' title='bbox 433 1341 599 1424; x_wconf 84' lang='lat' dir='ltr'>quisnam</span> <span class='ocrx_word' id='word_1_73' title='bbox 621 1359 750 1409; x_wconf 85' lang='lat' dir='ltr'>uxorem</span> <span class='ocrx_word' id='word_1_74' title='bbox 768 1343 884 1426; x_wconf 73' lang='lat' dir='ltr'>diligit,</span> <span class='ocrx_word' id='word_1_75' title='bbox 901 1344 1053 1425; x_wconf 80' lang='lat' dir='ltr'>seipsum</span> <span class='ocrx_word' id='word_1_76' title='bbox 1069 1343 1180 1425; x_wconf 76' lang='lat' dir='ltr'><strong>diligit.</strong></span> <span class='ocrx_word' id='word_1_77' title='bbox 1207 1362 1323 1421; x_wconf 71' lang='lat' dir='ltr'>nemo,</span> 
     </span>
     <span class='ocr_line' id='line_1_10' title="bbox 175 1445 1300 1536; baseline 0.001 -26"><span class='ocrx_word' id='word_1_78' title='bbox 175 1463 325 1528; x_wconf 82' lang='lat' dir='ltr'>umquam</span> <span class='ocrx_word' id='word_1_79' title='bbox 348 1457 588 1536; x_wconf 79' lang='lat' dir='ltr'>earnemsusun</span> <span class='ocrx_word' id='word_1_80' title='bbox 613 1445 684 1512; x_wconf 87' lang='lat' dir='ltr'>odio</span> <span class='ocrx_word' id='word_1_81' title='bbox 707 1447 828 1526; x_wconf 76' lang='lat' dir='ltr'>habuit,</span> <span class='ocrx_word' id='word_1_82' title='bbox 857 1445 915 1511; x_wconf 90' lang='lat' dir='ltr'>sed</span> <span class='ocrx_word' id='word_1_83' title='bbox 936 1447 1036 1512; x_wconf 77' lang='lat' dir='ltr'>anisii</span> <span class='ocrx_word' id='word_1_84' title='bbox 1056 1446 1089 1511; x_wconf 81' lang='lat' dir='ltr'>ei</span> <span class='ocrx_word' id='word_1_85' title='bbox 1108 1448 1197 1512; x_wconf 83' lang='lat' dir='ltr'>fouet</span> <span class='ocrx_word' id='word_1_86' title='bbox 1218 1466 1300 1525; x_wconf 85' lang='lat' dir='ltr'>eam,</span> 
     </span>
     <span class='ocr_line' id='line_1_11' title="bbox 135 1547 1301 1632; baseline 0 -19"><span class='ocrx_word' id='word_1_87' title='bbox 135 1573 162 1616; x_wconf 80' lang='grc' dir='ltr'>ιι</span> <span class='ocrx_word' id='word_1_88' title='bbox 176 1547 259 1613; x_wconf 75' lang='lat' dir='ltr'>siout</span> <span class='ocrx_word' id='word_1_89' title='bbox 290 1547 321 1612; x_wconf 80' lang='lat' dir='ltr'>ei</span> <span class='ocrx_word' id='word_1_90' title='bbox 355 1547 499 1616; x_wconf 77' lang='lat' dir='ltr'>Christus</span> <span class='ocrx_word' id='word_1_91' title='bbox 534 1549 717 1614; x_wconf 79' lang='lat' dir='ltr'>ecelesiam:</span> <span class='ocrx_word' id='word_1_92' title='bbox 753 1549 828 1632; x_wconf 86' lang='lat' dir='ltr'>qnia</span> <span class='ocrx_word' id='word_1_93' title='bbox 856 1549 999 1623; x_wconf 87' lang='lat' dir='ltr'>mambra</span> <span class='ocrx_word' id='word_1_94' title='bbox 1026 1569 1135 1615; x_wconf 91' lang='lat' dir='ltr'>sumus</span> <span class='ocrx_word' id='word_1_95' title='bbox 1161 1550 1301 1630; x_wconf 82' lang='lat' dir='ltr'>eorporis</span> 
     </span>
     <span class='ocr_line' id='line_1_12' title="bbox 177 1649 1301 1744; baseline 0 -28"><span class='ocrx_word' id='word_1_96' title='bbox 177 1651 244 1716; x_wconf 87' lang='lat' dir='ltr'>aius</span> <span class='ocrx_word' id='word_1_97' title='bbox 269 1649 307 1716; x_wconf 93' lang='lat' dir='ltr'>de</span> <span class='ocrx_word' id='word_1_98' title='bbox 331 1669 425 1720; x_wconf 81' lang='lat' dir='ltr'>earne</span> <span class='ocrx_word' id='word_1_99' title='bbox 449 1651 516 1716; x_wconf 87' lang='lat' dir='ltr'>eius</span> <span class='ocrx_word' id='word_1_100' title='bbox 539 1651 572 1716; x_wconf 85' lang='lat' dir='ltr'>et</span> <span class='ocrx_word' id='word_1_101' title='bbox 595 1651 633 1716; x_wconf 90' lang='lat' dir='ltr'>de</span> <span class='ocrx_word' id='word_1_102' title='bbox 660 1652 792 1744; x_wconf 48' lang='lat' dir='ltr'>ossibus,</span> <span class='ocrx_word' id='word_1_103' title='bbox 806 1653 885 1718; x_wconf 89' lang='lat' dir='ltr'>eius.</span> <span class='ocrx_word' id='word_1_104' title='bbox 919 1653 1047 1735; x_wconf 72' lang='lat' dir='ltr'>propior</span> <span class='ocrx_word' id='word_1_105' title='bbox 1062 1654 1121 1718; x_wconf 86' lang='lat' dir='ltr'>hoa</span> <span class='ocrx_word' id='word_1_106' title='bbox 1143 1652 1301 1734; x_wconf 76' lang='lat' dir='ltr'>relinquet</span> 
     </span>
     <span class='ocr_line' id='line_1_13' title="bbox 175 1753 1302 1836; baseline 0.002 -18"><span class='ocrx_word' id='word_1_107' title='bbox 175 1754 268 1819; x_wconf 88' lang='lat' dir='ltr'>homo</span> <span class='ocrx_word' id='word_1_108' title='bbox 295 1753 418 1836; x_wconf 75' lang='lat' dir='ltr'>patrem</span> <span class='ocrx_word' id='word_1_109' title='bbox 449 1755 481 1818; x_wconf 82' lang='lat' dir='ltr'>ei</span> <span class='ocrx_word' id='word_1_110' title='bbox 506 1754 641 1820; x_wconf 81' lang='lat' dir='ltr'>mairem</span> <span class='ocrx_word' id='word_1_111' title='bbox 670 1773 760 1820; x_wconf 73' lang='lat' dir='ltr'>susan</span> <span class='ocrx_word' id='word_1_112' title='bbox 783 1756 816 1820; x_wconf 79' lang='lat' dir='ltr'>et</span> <span class='ocrx_word' id='word_1_113' title='bbox 838 1755 1024 1820; x_wconf 78' lang='lat' dir='ltr'>adhaerebit</span> <span class='ocrx_word' id='word_1_114' title='bbox 1046 1755 1134 1820; x_wconf 81' lang='lat' dir='ltr'>uxori</span> <span class='ocrx_word' id='word_1_115' title='bbox 1156 1775 1245 1833; x_wconf 79' lang='lat' dir='ltr'>suae,</span> <span class='ocrx_word' id='word_1_116' title='bbox 1268 1756 1302 1820; x_wconf 79' lang='lat' dir='ltr'>et</span> 
     </span>
     <span class='ocr_line' id='line_1_14' title="bbox 177 1856 1301 1941; baseline 0.004 -21"><span class='ocrx_word' id='word_1_117' title='bbox 177 1857 269 1922; x_wconf 76' lang='lat' dir='ltr'>erunt</span> <span class='ocrx_word' id='word_1_118' title='bbox 292 1856 353 1920; x_wconf 89' lang='lat' dir='ltr'>duo</span> <span class='ocrx_word' id='word_1_119' title='bbox 376 1857 407 1922; x_wconf 93' lang='lat' dir='ltr'>in</span> <span class='ocrx_word' id='word_1_120' title='bbox 431 1875 618 1922; x_wconf 82' lang='lat' dir='ltr'>carneuna</span> <span class='ocrx_word' id='word_1_121' title='bbox 657 1860 890 1926; x_wconf 75' lang='lat' dir='ltr'>sacramentum</span> <span class='ocrx_word' id='word_1_122' title='bbox 913 1860 971 1924; x_wconf 88' lang='lat' dir='ltr'>hoe</span> <span class='ocrx_word' id='word_1_123' title='bbox 994 1876 1145 1940; x_wconf 84' lang='lat' dir='ltr'>magnum</span> <span class='ocrx_word' id='word_1_124' title='bbox 1161 1859 1224 1924; x_wconf 74' lang='lat' dir='ltr'>esi:</span> <span class='ocrx_word' id='word_1_125' title='bbox 1242 1876 1301 1941; x_wconf 81' lang='lat' dir='ltr'>ago</span> 
     </span>
     <span class='ocr_line' id='line_1_15' title="bbox 177 1951 1303 2029; baseline 0.004 -6"><span class='ocrx_word' id='word_1_126' title='bbox 177 1960 283 2024; x_wconf 79' lang='lat' dir='ltr'>autem</span> <span class='ocrx_word' id='word_1_127' title='bbox 313 1959 383 2024; x_wconf 88' lang='lat' dir='ltr'>dieo</span> <span class='ocrx_word' id='word_1_128' title='bbox 411 1959 442 2024; x_wconf 93' lang='lat' dir='ltr'>in</span> <span class='ocrx_word' id='word_1_129' title='bbox 472 1959 596 2026; x_wconf 80' lang='lat' dir='ltr'>Christo</span> <span class='ocrx_word' id='word_1_130' title='bbox 625 1962 657 2029; x_wconf 82' lang='lat' dir='ltr'>et</span> <span class='ocrx_word' id='word_1_131' title='bbox 677 1962 708 2026; x_wconf 93' lang='lat' dir='ltr'>in</span> <span class='ocrx_word' id='word_1_132' title='bbox 738 1951 886 2028; x_wconf 80' lang='lat' dir='ltr'>ecelesia.</span> <span class='ocrx_word' id='word_1_133' title='bbox 922 1980 1033 2027; x_wconf 89' lang='lat' dir='ltr'>uerum</span> <span class='ocrx_word' id='word_1_134' title='bbox 1059 1961 1167 2026; x_wconf 74' lang='lat' dir='ltr'>tamen</span> <span class='ocrx_word' id='word_1_135' title='bbox 1190 1963 1222 2026; x_wconf 80' lang='lat' dir='ltr'>et</span> <span class='ocrx_word' id='word_1_136' title='bbox 1243 1979 1303 2028; x_wconf 89' lang='lat' dir='ltr'>uos</span> 
     </span>
     <span class='ocr_line' id='line_1_16' title="bbox 136 2061 1301 2152; baseline 0.002 -27"><span class='ocrx_word' id='word_1_137' title='bbox 136 2085 162 2126; x_wconf 81' lang='grc' dir='ltr'>ιι</span> <span class='ocrx_word' id='word_1_138' title='bbox 177 2061 302 2146; x_wconf 83' lang='lat' dir='ltr'>singuli,</span> <span class='ocrx_word' id='word_1_139' title='bbox 336 2063 551 2152; x_wconf 82' lang='lat' dir='ltr'>unusquisque</span> <span class='ocrx_word' id='word_1_140' title='bbox 585 2083 675 2130; x_wconf 88' lang='lat' dir='ltr'>suam</span> <span class='ocrx_word' id='word_1_141' title='bbox 708 2082 837 2129; x_wconf 82' lang='lat' dir='ltr'>uxorem</span> <span class='ocrx_word' id='word_1_142' title='bbox 866 2063 950 2130; x_wconf 75' lang='lat' dir='ltr'>sieut</span> <span class='ocrx_word' id='word_1_143' title='bbox 980 2081 1014 2130; x_wconf 94' lang='lat' dir='ltr'>se</span> <span class='ocrx_word' id='word_1_144' title='bbox 1040 2063 1144 2146; x_wconf 83' lang='lat' dir='ltr'>ipsum</span> <span class='ocrx_word' id='word_1_145' title='bbox 1171 2063 1301 2147; x_wconf 79' lang='lat' dir='ltr'>diligat:</span> 
     </span>
     <span class='ocr_line' id='line_1_17' title="bbox 175 2165 1301 2250; baseline 0.003 -21"><span class='ocrx_word' id='word_1_146' title='bbox 175 2184 252 2231; x_wconf 85' lang='lat' dir='ltr'>uxor</span> <span class='ocrx_word' id='word_1_147' title='bbox 291 2166 397 2231; x_wconf 77' lang='lat' dir='ltr'>autem</span> <span class='ocrx_word' id='word_1_148' title='bbox 434 2166 470 2231; x_wconf 81' lang='lat' dir='ltr'>ui</span> <span class='ocrx_word' id='word_1_149' title='bbox 505 2166 617 2232; x_wconf 73' lang='lat' dir='ltr'>timeat</span> <span class='ocrx_word' id='word_1_150' title='bbox 653 2167 765 2232; x_wconf 83' lang='lat' dir='ltr'>uirum.</span> <span class='ocrx_word' id='word_1_151' title='bbox 817 2167 899 2248; x_wconf 71' lang='lat' dir='ltr'>Filii,</span> <span class='ocrx_word' id='word_1_152' title='bbox 937 2165 1083 2234; x_wconf 74' lang='lat' dir='ltr'>obsedita</span> <span class='ocrx_word' id='word_1_153' title='bbox 1118 2167 1301 2250; x_wconf 77' lang='lat' dir='ltr'>parentibus</span> 
     </span>
     <span class='ocr_line' id='line_1_18' title="bbox 95 2269 1302 2352; baseline 0.003 -20"><span class='ocrx_word' id='word_1_154' title='bbox 95 2293 98 2300; x_wconf 94' lang='lat'>·</span> <span class='ocrx_word' id='word_1_155' title='bbox 176 2269 291 2334; x_wconf 75' lang='lat' dir='ltr'>uestris</span> <span class='ocrx_word' id='word_1_156' title='bbox 313 2269 345 2333; x_wconf 94' lang='lat' dir='ltr'>in</span> <span class='ocrx_word' id='word_1_157' title='bbox 369 2269 503 2336; x_wconf 87' lang='lat' dir='ltr'>domino.</span> <span class='ocrx_word' id='word_1_158' title='bbox 539 2271 597 2334; x_wconf 86' lang='lat' dir='ltr'>hoa</span> <span class='ocrx_word' id='word_1_159' title='bbox 615 2269 697 2334; x_wconf 88' lang='lat' dir='ltr'>enim</span> <span class='ocrx_word' id='word_1_160' title='bbox 712 2269 834 2334; x_wconf 81' lang='lat' dir='ltr'>iustum</span> <span class='ocrx_word' id='word_1_161' title='bbox 848 2270 906 2335; x_wconf 72' lang='lat' dir='ltr'>esa</span> <span class='ocrx_word' id='word_1_162' title='bbox 940 2271 1060 2336; x_wconf 87' lang='lat' dir='ltr'>honora</span> <span class='ocrx_word' id='word_1_163' title='bbox 1071 2270 1196 2352; x_wconf 77' lang='lat' dir='ltr'>panem</span> <span class='ocrx_word' id='word_1_164' title='bbox 1209 2270 1302 2336; x_wconf 79' lang='lat' dir='ltr'>tuum</span> 
     </span>
     <span class='ocr_line' id='line_1_19' title="bbox 178 2371 1303 2455; baseline 0.001 -19"><span class='ocrx_word' id='word_1_165' title='bbox 178 2373 209 2436; x_wconf 83' lang='lat' dir='ltr'>ei</span> <span class='ocrx_word' id='word_1_166' title='bbox 236 2372 380 2452; x_wconf 82' lang='lat' dir='ltr'>mairem,</span> <span class='ocrx_word' id='word_1_167' title='bbox 409 2371 495 2454; x_wconf 85' lang='lat' dir='ltr'>quod</span> <span class='ocrx_word' id='word_1_168' title='bbox 523 2373 572 2438; x_wconf 81' lang='lat' dir='ltr'>ast</span> <span class='ocrx_word' id='word_1_169' title='bbox 599 2371 784 2438; x_wconf 76' lang='lat' dir='ltr'>mandatnm</span> <span class='ocrx_word' id='word_1_170' title='bbox 812 2373 948 2455; x_wconf 87' lang='lat' dir='ltr'>primum</span> <span class='ocrx_word' id='word_1_171' title='bbox 972 2373 1006 2437; x_wconf 93' lang='lat' dir='ltr'>in</span> <span class='ocrx_word' id='word_1_172' title='bbox 1026 2372 1243 2454; x_wconf 78' lang='lat' dir='ltr'>promissione,</span> <span class='ocrx_word' id='word_1_173' title='bbox 1265 2374 1303 2438; x_wconf 80' lang='lat' dir='ltr'>ut</span> 
     </span>
     <span class='ocr_line' id='line_1_20' title="bbox 176 2465 1301 2558; baseline 0.002 -20"><span class='ocrx_word' id='word_1_174' title='bbox 176 2471 256 2540; x_wconf 83' lang='lat' dir='ltr'>ben&#39;e</span> <span class='ocrx_word' id='word_1_175' title='bbox 279 2476 321 2540; x_wconf 76' lang='lat' dir='ltr'>sii</span> <span class='ocrx_word' id='word_1_176' title='bbox 342 2475 400 2542; x_wconf 81' lang='lat' dir='ltr'>iibi</span> <span class='ocrx_word' id='word_1_177' title='bbox 424 2476 456 2540; x_wconf 75' lang='lat' dir='ltr'>ei</span> <span class='ocrx_word' id='word_1_178' title='bbox 479 2475 522 2540; x_wconf 91' lang='lat' dir='ltr'>sis</span> <span class='ocrx_word' id='word_1_179' title='bbox 543 2465 716 2558; x_wconf 79' lang='lat' dir='ltr'>longaeuus</span> <span class='ocrx_word' id='word_1_180' title='bbox 732 2493 827 2558; x_wconf 85' lang='lat' dir='ltr'>super</span> <span class='ocrx_word' id='word_1_181' title='bbox 851 2476 977 2540; x_wconf 77' lang='lat' dir='ltr'>ternam.</span> <span class='ocrx_word' id='word_1_182' title='bbox 1017 2475 1050 2540; x_wconf 78' lang='lat' dir='ltr'>et</span> <span class='ocrx_word' id='word_1_183' title='bbox 1070 2476 1187 2556; x_wconf 68' lang='lat' dir='ltr'>panes,</span> <span class='ocrx_word' id='word_1_184' title='bbox 1204 2475 1301 2540; x_wconf 77' lang='lat' dir='ltr'>nolite</span> 
     </span>
     <span class='ocr_line' id='line_1_21' title="bbox 133 2577 1302 2662; baseline -0.003 -16"><span class='ocrx_word' id='word_1_185' title='bbox 133 2604 164 2646; x_wconf 77' lang='lat' dir='ltr'>ao</span> <span class='ocrx_word' id='word_1_186' title='bbox 178 2578 220 2642; x_wconf 84' lang='lat' dir='ltr'>ad</span> <span class='ocrx_word' id='word_1_187' title='bbox 248 2579 444 2644; x_wconf 74' lang='lat' dir='ltr'>iracundiam</span> <span class='ocrx_word' id='word_1_188' title='bbox 471 2597 642 2662; x_wconf 82' lang='lat' dir='ltr'>prouocare</span> <span class='ocrx_word' id='word_1_189' title='bbox 671 2579 754 2644; x_wconf 87' lang='lat' dir='ltr'>filios</span> <span class='ocrx_word' id='word_1_190' title='bbox 777 2578 911 2655; x_wconf 81' lang='lat' dir='ltr'>uestros,</span> <span class='ocrx_word' id='word_1_191' title='bbox 941 2577 1001 2644; x_wconf 88' lang='lat' dir='ltr'>sed</span> <span class='ocrx_word' id='word_1_192' title='bbox 1030 2577 1163 2643; x_wconf 79' lang='lat' dir='ltr'>educate</span> <span class='ocrx_word' id='word_1_193' title='bbox 1194 2595 1247 2642; x_wconf 85' lang='lat' dir='ltr'>eos</span> <span class='ocrx_word' id='word_1_194' title='bbox 1269 2577 1302 2642; x_wconf 92' lang='lat' dir='ltr'>in</span> 
     </span>
     <span class='ocr_line' id='line_1_22' title="bbox 179 2679 1302 2764; baseline 0 -20"><span class='ocrx_word' id='word_1_195' title='bbox 179 2680 344 2764; x_wconf 83' lang='lat' dir='ltr'>disciplina</span> <span class='ocrx_word' id='word_1_196' title='bbox 382 2682 413 2745; x_wconf 80' lang='lat' dir='ltr'>ei</span> <span class='ocrx_word' id='word_1_197' title='bbox 450 2682 644 2764; x_wconf 76' lang='lat' dir='ltr'>correptione</span> <span class='ocrx_word' id='word_1_198' title='bbox 682 2681 808 2746; x_wconf 85' lang='lat' dir='ltr'>domini.</span> <span class='ocrx_word' id='word_1_199' title='bbox 854 2680 946 2757; x_wconf 81' lang='lat' dir='ltr'>serui,</span> <span class='ocrx_word' id='word_1_200' title='bbox 985 2679 1130 2744; x_wconf 81' lang='lat' dir='ltr'>oboedite</span> <span class='ocrx_word' id='word_1_201' title='bbox 1169 2679 1302 2744; x_wconf 89' lang='lat' dir='ltr'>dominis</span> 
     </span>
     <span class='ocr_line' id='line_1_23' title="bbox 178 2779 1301 2864; baseline -0.002 -18"><span class='ocrx_word' id='word_1_202' title='bbox 178 2784 357 2850; x_wconf 82' lang='lat' dir='ltr'>carnalibus</span> <span class='ocrx_word' id='word_1_203' title='bbox 380 2803 452 2848; x_wconf 86' lang='lat' dir='ltr'>aum</span> <span class='ocrx_word' id='word_1_204' title='bbox 466 2784 579 2848; x_wconf 84' lang='lat' dir='ltr'>timore</span> <span class='ocrx_word' id='word_1_205' title='bbox 599 2783 790 2862; x_wconf 73' lang='lat' dir='ltr'>adtremere,</span> <span class='ocrx_word' id='word_1_206' title='bbox 806 2782 839 2847; x_wconf 90' lang='lat' dir='ltr'>in</span> <span class='ocrx_word' id='word_1_207' title='bbox 855 2779 1058 2864; x_wconf 74' lang='lat' dir='ltr'>simpliaiiate</span> <span class='ocrx_word' id='word_1_208' title='bbox 1073 2781 1177 2847; x_wconf 79' lang='lat' dir='ltr'>cordis</span> <span class='ocrx_word' id='word_1_209' title='bbox 1192 2781 1301 2859; x_wconf 73' lang='lat' dir='ltr'>uestri,</span> 
     </span>
     <span class='ocr_line' id='line_1_24' title="bbox 179 2884 1302 2968; baseline -0.002 -16"><span class='ocrx_word' id='word_1_210' title='bbox 179 2888 262 2952; x_wconf 68' lang='lat' dir='ltr'>sieut</span> <span class='ocrx_word' id='word_1_211' title='bbox 296 2886 437 2953; x_wconf 79' lang='lat' dir='ltr'>Christo:</span> <span class='ocrx_word' id='word_1_212' title='bbox 470 2906 531 2952; x_wconf 90' lang='lat' dir='ltr'>non</span> <span class='ocrx_word' id='word_1_213' title='bbox 560 2887 600 2952; x_wconf 85' lang='lat' dir='ltr'>ad</span> <span class='ocrx_word' id='word_1_214' title='bbox 630 2887 756 2952; x_wconf 89' lang='lat' dir='ltr'>oeulum</span> <span class='ocrx_word' id='word_1_215' title='bbox 785 2886 969 2965; x_wconf 71' lang='lat' dir='ltr'>seruientas</span> <span class='ocrx_word' id='word_1_216' title='bbox 1005 2885 1096 2968; x_wconf 86' lang='lat' dir='ltr'>quasi</span> <span class='ocrx_word' id='word_1_217' title='bbox 1123 2884 1302 2950; x_wconf 89' lang='lat' dir='ltr'>hominibus</span> 
     </span>
     <span class='ocr_line' id='line_1_25' title="bbox 178 2973 1304 3073; baseline -0.003 -19"><span class='ocrx_word' id='word_1_218' title='bbox 178 2991 351 3073; x_wconf 78' lang='lat' dir='ltr'>placentas¹</span> <span class='ocrx_word' id='word_1_219' title='bbox 380 2991 437 3056; x_wconf 88' lang='lat' dir='ltr'>sed</span> <span class='ocrx_word' id='word_1_220' title='bbox 466 2973 504 3054; x_wconf 81' lang='lat' dir='ltr'>ui</span> <span class='ocrx_word' id='word_1_221' title='bbox 530 2991 615 3056; x_wconf 87' lang='lat' dir='ltr'>serui</span> <span class='ocrx_word' id='word_1_222' title='bbox 645 2990 763 3058; x_wconf 83' lang='lat' dir='ltr'>Christi</span> <span class='ocrx_word' id='word_1_223' title='bbox 790 2988 945 3054; x_wconf 76' lang='lat' dir='ltr'>facientes</span> <span class='ocrx_word' id='word_1_224' title='bbox 971 2987 1168 3055; x_wconf 79' lang='lat' dir='ltr'>uoluntatem</span> <span class='ocrx_word' id='word_1_225' title='bbox 1191 2987 1250 3052; x_wconf 88' lang='lat' dir='ltr'>dai·</span> <span class='ocrx_word' id='word_1_226' title='bbox 1265 3006 1304 3052; x_wconf 84' lang='lat' dir='ltr'>en</span> 
     </span>
     <span class='ocr_line' id='line_1_26' title="bbox 135 3089 1303 3176; baseline -0.003 -19"><span class='ocrx_word' id='word_1_227' title='bbox 135 3115 164 3157; x_wconf 77' lang='lat' dir='ltr'>se</span> <span class='ocrx_word' id='word_1_228' title='bbox 181 3093 294 3172; x_wconf 66' lang='lat' dir='ltr'>animo</span> <span class='ocrx_word' id='word_1_229' title='bbox 325 3111 398 3158; x_wconf 86' lang='lat' dir='ltr'>oum</span> <span class='ocrx_word' id='word_1_230' title='bbox 431 3094 514 3160; x_wconf 87' lang='lat' dir='ltr'>bona</span> <span class='ocrx_word' id='word_1_231' title='bbox 546 3093 709 3158; x_wconf 78' lang='lat' dir='ltr'>uoluntate</span> <span class='ocrx_word' id='word_1_232' title='bbox 743 3092 918 3158; x_wconf 79' lang='lat' dir='ltr'>seruienies</span> <span class='ocrx_word' id='word_1_233' title='bbox 951 3091 987 3156; x_wconf 89' lang='lat' dir='ltr'>ut</span> <span class='ocrx_word' id='word_1_234' title='bbox 1018 3089 1143 3156; x_wconf 91' lang='lat' dir='ltr'>domino</span> <span class='ocrx_word' id='word_1_235' title='bbox 1177 3091 1226 3176; x_wconf 62' lang='lat' dir='ltr'>ei⁴</span> <span class='ocrx_word' id='word_1_236' title='bbox 1241 3109 1303 3154; x_wconf 89' lang='lat' dir='ltr'>non</span> 
     </span>
     <span class='ocr_line' id='line_1_27' title="bbox 178 3193 1394 3280; baseline -0.004 -18"><span class='ocrx_word' id='word_1_237' title='bbox 178 3198 366 3274; x_wconf 80' lang='lat' dir='ltr'>hominibus,</span> <span class='ocrx_word' id='word_1_238' title='bbox 382 3197 531 3262; x_wconf 77' lang='lat' dir='ltr'>&#39;scientes</span> <span class='ocrx_word' id='word_1_239' title='bbox 554 3197 701 3280; x_wconf 86' lang='lat' dir='ltr'>quoniam</span> <span class='ocrx_word' id='word_1_240' title='bbox 722 3195 937 3278; x_wconf 88' lang='lat' dir='ltr'>unusquisqne</span> <span class='ocrx_word' id='word_1_241' title='bbox 959 3193 1178 3276; x_wconf 84' lang='lat' dir='ltr'>quodcumque</span> <span class='ocrx_word' id='word_1_242' title='bbox 1192 3193 1305 3258; x_wconf 81' lang='lat' dir='ltr'>feeerit</span> <span class='ocrx_word' id='word_1_243' title='bbox 1391 3209 1394 3212; x_wconf 78' lang='grc'><strong>’</strong></span> 
     </span>
     <span class='ocr_line' id='line_1_28' title="bbox 179 3296 1305 3384; baseline -0.009 -15"><span class='ocrx_word' id='word_1_244' title='bbox 179 3304 295 3369; x_wconf 88' lang='lat' dir='ltr'>bonum</span> <span class='ocrx_word' id='word_1_245' title='bbox 328 3302 387 3366; x_wconf 85' lang='lat' dir='ltr'>hoe</span> <span class='ocrx_word' id='word_1_246' title='bbox 420 3300 552 3384; x_wconf 78' lang='lat' dir='ltr'>recipiet</span> <span class='ocrx_word' id='word_1_247' title='bbox 581 3319 599 3364; x_wconf 87' lang='lat' dir='ltr'>a</span> <span class='ocrx_word' id='word_1_248' title='bbox 629 3297 762 3376; x_wconf 81' lang='lat' dir='ltr'>domino,</span> <span class='ocrx_word' id='word_1_249' title='bbox 797 3299 865 3362; x_wconf 90' lang='lat' dir='ltr'>siue</span> <span class='ocrx_word' id='word_1_250' title='bbox 893 3314 1012 3375; x_wconf 79' lang='lat' dir='ltr'>seruus,</span> <span class='ocrx_word' id='word_1_251' title='bbox 1046 3296 1113 3361; x_wconf 85' lang='lat' dir='ltr'>sius</span> <span class='ocrx_word' id='word_1_252' title='bbox 1144 3297 1233 3360; x_wconf 85' lang='lat' dir='ltr'>liber.</span> <span class='ocrx_word' id='word_1_253' title='bbox 1273 3297 1305 3360; x_wconf 80' lang='lat' dir='ltr'>et</span> 
     </span>
    </p>
   </div>
   <div class='ocr_carea' id='block_1_3' title="bbox 180 3482 1304 3638">
    <p class='ocr_par' dir='ltr' id='par_1_3' title="bbox 180 3482 1304 3638">
     <span class='ocr_line' id='line_1_29' title="bbox 282 3482 1304 3554; baseline -0.006 -12"><span class='ocrx_word' id='word_1_254' title='bbox 282 3489 315 3542; x_wconf 91' lang='lat'>11</span> <span class='ocrx_word' id='word_1_255' title='bbox 334 3487 367 3542; x_wconf 81' lang='lat' dir='ltr'>cf.</span> <span class='ocrx_word' id='word_1_256' title='bbox 386 3487 450 3544; x_wconf 80' lang='lat' dir='ltr'>Gen.</span> <span class='ocrx_word' id='word_1_257' title='bbox 470 3487 495 3550; x_wconf 80' lang='lat'>2,</span> <span class='ocrx_word' id='word_1_258' title='bbox 514 3486 548 3540; x_wconf 81' lang='lat'>24</span> <span class='ocrx_word' id='word_1_259' title='bbox 649 3485 681 3539; x_wconf 88' lang='grc'>16</span> <span class='ocrx_word' id='word_1_260' title='bbox 698 3484 765 3554; x_wconf 74' lang='lat' dir='ltr'>Eph.</span> <span class='ocrx_word' id='word_1_261' title='bbox 784 3484 809 3553; x_wconf 84' lang='lat'>6,</span> <span class='ocrx_word' id='word_1_262' title='bbox 828 3483 913 3538; x_wconf 82' lang='lat'>1-20</span> <span class='ocrx_word' id='word_1_263' title='bbox 1010 3482 1252 3547; x_wconf 66' lang='lat' dir='ltr'>lacrumans,</span> <span class='ocrx_word' id='word_1_264' title='bbox 1271 3483 1304 3536; x_wconf 82' lang='lat'>12</span> 
     </span>
     <span class='ocr_line' id='line_1_30' title="bbox 180 3571 621 3638; baseline -0.016 -8"><span class='ocrx_word' id='word_1_265' title='bbox 180 3571 621 3638; x_wconf 80' lang='lat' dir='ltr'>eiDeut.5‚16etEecli.3,9</span> 
     </span>
    </p>
   </div>
   <div class='ocr_carea' id='block_1_4' title="bbox 233 3701 1238 3814">
    <p class='ocr_par' dir='ltr' id='par_1_4' title="bbox 233 3701 1238 3814">
     <span class='ocr_line' id='line_1_31' title="bbox 233 3701 1238 3814; baseline -0.007 -14"><span class='ocrx_word' id='word_1_266' title='bbox 233 3745 380 3814; x_wconf 87' lang='lat' dir='ltr'>leorporis</span> <span class='ocrx_word' id='word_1_267' title='bbox 398 3743 452 3798; x_wconf 86' lang='lat' dir='ltr'>aius</span> <span class='ocrx_word' id='word_1_268' title='bbox 471 3759 506 3796; x_wconf 84' lang='lat' dir='ltr'>av</span> <span class='ocrx_word' id='word_1_269' title='bbox 545 3701 550 3712; x_wconf 37' lang='grc' dir='ltr'>Ι</span> <span class='ocrx_word' id='word_1_270' title='bbox 596 3740 760 3794; x_wconf 76' lang='lat' dir='ltr'>dmundans</span> <span class='ocrx_word' id='word_1_271' title='bbox 778 3705 896 3792; x_wconf 78' lang='lat' dir='ltr'>sais</span> <span class='ocrx_word' id='word_1_272' title='bbox 986 3739 1079 3808; x_wconf 87' lang='lat' dir='ltr'>aquae]</span> <span class='ocrx_word' id='word_1_273' title='bbox 1098 3753 1183 3806; x_wconf 79' lang='lat' dir='ltr'>atque</span> <span class='ocrx_word' id='word_1_274' title='bbox 1201 3739 1238 3793; x_wconf 85' lang='lat' dir='ltr'>P¹</span> 
     </span>
    </p>
   </div>
   <div class='ocr_carea' id='block_1_5' title="bbox 180 3821 1411 3899">
    <p class='ocr_par' dir='ltr' id='par_1_5' title="bbox 180 3821 1411 3899">
     <span class='ocr_line' id='line_1_32' title="bbox 180 3821 1411 3899; baseline -0.01 -12"><span class='ocrx_word' id='word_1_275' title='bbox 180 3827 515 3899; x_wconf 85' lang='lat' dir='ltr'>6eius1n0di]hu1usmod1</span> <span class='ocrx_word' id='word_1_276' title='bbox 533 3827 603 3882; x_wconf 83' lang='lat' dir='ltr'>PRv</span> <span class='ocrx_word' id='word_1_277' title='bbox 706 3825 812 3879; x_wconf 80' lang='lat' dir='ltr'>8sua1n</span> <span class='ocrx_word' id='word_1_278' title='bbox 830 3821 923 3893; x_wconf 75' lang='lat' dir='ltr'>diligit</span> <span class='ocrx_word' id='word_1_279' title='bbox 942 3823 1089 3878; x_wconf 82' lang='lat' dir='ltr'>uxoremS</span> <span class='ocrx_word' id='word_1_280' title='bbox 1188 3824 1306 3878; x_wconf 82' lang='lat' dir='ltr'>9iouet</span> <span class='ocrx_word' id='word_1_281' title='bbox 1408 3870 1411 3875; x_wconf 25' lang='lat'><strong>⁴</strong></span> 
     </span>
    </p>
   </div>
   <div class='ocr_carea' id='block_1_6' title="bbox 179 3907 1306 4334">
    <p class='ocr_par' dir='ltr' id='par_1_6' title="bbox 179 3907 1306 4334">
     <span class='ocr_line' id='line_1_33' title="bbox 180 3907 1238 3982; baseline -0.009 -9"><span class='ocrx_word' id='word_1_282' title='bbox 180 3935 215 3973; x_wconf 75' lang='lat' dir='ltr'>et</span> <span class='ocrx_word' id='word_1_283' title='bbox 241 3933 336 3972; x_wconf 86' lang='grc' dir='ltr'>ιιιιτιιτ</span> <span class='ocrx_word' id='word_1_284' title='bbox 364 3915 392 3970; x_wconf 85' lang='lat' dir='ltr'><em>R</em></span> <span class='ocrx_word' id='word_1_285' title='bbox 495 3913 528 3966; x_wconf 89' lang='lat'>10</span> <span class='ocrx_word' id='word_1_286' title='bbox 555 3913 624 3982; x_wconf 90' lang='lat' dir='ltr'>quia]</span> <span class='ocrx_word' id='word_1_287' title='bbox 653 3919 697 3982; x_wconf 80' lang='lat' dir='ltr'>qun</span> <span class='ocrx_word' id='word_1_288' title='bbox 723 3913 762 3968; x_wconf 89' lang='lat' dir='ltr'>P²</span> <span class='ocrx_word' id='word_1_289' title='bbox 865 3911 895 3965; x_wconf 92' lang='grc'>11</span> <span class='ocrx_word' id='word_1_290' title='bbox 920 3907 953 3962; x_wconf 91' lang='lat' dir='ltr'>de</span> <span class='ocrx_word' id='word_1_291' title='bbox 971 3926 1050 3964; x_wconf 86' lang='lat' dir='ltr'>earne</span> <span class='ocrx_word' id='word_1_292' title='bbox 1068 3909 1124 3962; x_wconf 89' lang='lat' dir='ltr'>eius</span> <span class='ocrx_word' id='word_1_293' title='bbox 1142 3925 1192 3964; x_wconf 82' lang='lat' dir='ltr'>om.</span> <span class='ocrx_word' id='word_1_294' title='bbox 1210 3911 1238 3964; x_wconf 85' lang='lat' dir='ltr'><em>R</em></span> 
     </span>
     <span class='ocr_line' id='line_1_34' title="bbox 179 3995 1305 4074; baseline -0.01 -14"><span class='ocrx_word' id='word_1_295' title='bbox 179 4002 294 4074; x_wconf 75' lang='lat' dir='ltr'>propter]</span> <span class='ocrx_word' id='word_1_296' title='bbox 315 4018 348 4055; x_wconf 80' lang='lat' dir='ltr'>er</span> <span class='ocrx_word' id='word_1_297' title='bbox 365 4000 429 4070; x_wconf 72' lang='lat' dir='ltr'>ppu&#39;</span> <span class='ocrx_word' id='word_1_298' title='bbox 447 3999 474 4055; x_wconf 85' lang='lat' dir='ltr'><em>R</em></span> <span class='ocrx_word' id='word_1_299' title='bbox 570 3997 699 4067; x_wconf 76' lang='lat' dir='ltr'>rehnqunt</span> <span class='ocrx_word' id='word_1_300' title='bbox 719 3999 746 4053; x_wconf 93' lang='lat' dir='ltr'><strong><em>P</em></strong></span> <span class='ocrx_word' id='word_1_301' title='bbox 841 3997 874 4049; x_wconf 81' lang='lat'>14</span> <span class='ocrx_word' id='word_1_302' title='bbox 892 3997 988 4066; x_wconf 83' lang='lat' dir='ltr'>autem]</span> <span class='ocrx_word' id='word_1_303' title='bbox 1008 4011 1058 4049; x_wconf 74' lang='lat' dir='ltr'>oss.</span> <span class='ocrx_word' id='word_1_304' title='bbox 1077 3995 1115 4048; x_wconf 76' lang='grc' dir='ltr'>Ρι</span> <span class='ocrx_word' id='word_1_305' title='bbox 1200 3997 1236 4064; x_wconf 80' lang='lat' dir='ltr'>ei]</span> <span class='ocrx_word' id='word_1_306' title='bbox 1255 4011 1305 4049; x_wconf 80' lang='lat' dir='ltr'>ona.</span> 
     </span>
     <span class='ocr_line' id='line_1_35' title="bbox 179 4079 1238 4152; baseline -0.007 -10"><span class='ocrx_word' id='word_1_307' title='bbox 179 4091 208 4147; x_wconf 84' lang='lat' dir='ltr'><em>R</em></span> <span class='ocrx_word' id='word_1_308' title='bbox 301 4087 333 4141; x_wconf 89' lang='lat'>15</span> <span class='ocrx_word' id='word_1_309' title='bbox 351 4102 457 4141; x_wconf 85' lang='lat' dir='ltr'>uxorem</span> <span class='ocrx_word' id='word_1_310' title='bbox 475 4089 546 4139; x_wconf 84' lang='lat' dir='ltr'>susm</span> <span class='ocrx_word' id='word_1_311' title='bbox 564 4101 599 4138; x_wconf 86' lang='lat' dir='ltr'>av</span> <span class='ocrx_word' id='word_1_312' title='bbox 685 4083 718 4137; x_wconf 90' lang='lat'>16</span> <span class='ocrx_word' id='word_1_313' title='bbox 737 4083 775 4152; x_wconf 82' lang='lat' dir='ltr'>ni]</span> <span class='ocrx_word' id='word_1_314' title='bbox 794 4099 845 4137; x_wconf 75' lang='lat' dir='ltr'>aaa.</span> <span class='ocrx_word' id='word_1_315' title='bbox 863 4087 898 4137; x_wconf 74' lang='grc' dir='ltr'>αι)</span> <span class='ocrx_word' id='word_1_316' title='bbox 991 4081 1125 4150; x_wconf 75' lang='lat' dir='ltr'>lituum]</span> <span class='ocrx_word' id='word_1_317' title='bbox 1143 4096 1193 4134; x_wconf 85' lang='lat' dir='ltr'>om.</span> <span class='ocrx_word' id='word_1_318' title='bbox 1211 4079 1238 4135; x_wconf 83' lang='lat' dir='ltr'><em>R</em></span> 
     </span>
     <span class='ocr_line' id='line_1_36' title="bbox 182 4167 1239 4244; baseline -0.009 -13"><span class='ocrx_word' id='word_1_319' title='bbox 182 4177 216 4231; x_wconf 91' lang='lat'>18</span> <span class='ocrx_word' id='word_1_320' title='bbox 232 4174 344 4244; x_wconf 86' lang='lat' dir='ltr'>pn&#39;mum</span> <span class='ocrx_word' id='word_1_321' title='bbox 360 4173 515 4228; x_wconf 76' lang='lat' dir='ltr'>mandatum</span> <span class='ocrx_word' id='word_1_322' title='bbox 532 4188 551 4225; x_wconf 83' lang='lat' dir='ltr'>a</span> <span class='ocrx_word' id='word_1_323' title='bbox 649 4170 682 4224; x_wconf 88' lang='lat'>19</span> <span class='ocrx_word' id='word_1_324' title='bbox 698 4169 826 4239; x_wconf 78' lang='lat' dir='ltr'>longeuos</span> <span class='ocrx_word' id='word_1_325' title='bbox 841 4169 880 4223; x_wconf 81' lang='lat' dir='ltr'><em>M</em></span> <span class='ocrx_word' id='word_1_326' title='bbox 973 4167 1004 4221; x_wconf 80' lang='lat'>21</span> <span class='ocrx_word' id='word_1_327' title='bbox 1025 4167 1062 4238; x_wconf 77' lang='lat' dir='ltr'>ei]</span> <span class='ocrx_word' id='word_1_328' title='bbox 1079 4167 1108 4243; x_wconf 84' lang='lat' dir='ltr'>in</span> <span class='ocrx_word' id='word_1_329' title='bbox 1126 4167 1192 4220; x_wconf 79' lang='lat' dir='ltr'>add.</span> <span class='ocrx_word' id='word_1_330' title='bbox 1210 4167 1239 4222; x_wconf 84' lang='lat' dir='ltr'><em>R</em></span> 
     </span>
     <span class='ocr_line' id='line_1_37' title="bbox 180 4251 1306 4334; baseline -0.011 -15"><span class='ocrx_word' id='word_1_331' title='bbox 180 4265 216 4319; x_wconf 77' lang='grc'>24</span> <span class='ocrx_word' id='word_1_332' title='bbox 238 4262 295 4334; x_wconf 89' lang='lat' dir='ltr'>sed]</span> <span class='ocrx_word' id='word_1_333' title='bbox 314 4261 413 4316; x_wconf 67' lang='lat' dir='ltr'>omo</span> <span class='ocrx_word' id='word_1_334' title='bbox 512 4257 846 4328; x_wconf 73' lang='lat' dir='ltr'>asbonum10m.M0R</span> <span class='ocrx_word' id='word_1_335' title='bbox 948 4252 1085 4326; x_wconf 51' lang='lat' dir='ltr'>pupas</span> <span class='ocrx_word' id='word_1_336' title='bbox 1183 4253 1220 4322; x_wconf 80' lang='lat' dir='ltr'>et]</span> <span class='ocrx_word' id='word_1_337' title='bbox 1240 4251 1306 4308; x_wconf 84' lang='lat' dir='ltr'>add.</span> 
     </span>
    </p>
   </div>
   <div class='ocr_carea' id='block_1_7' title="bbox 179 4366 285 4405">
    <p class='ocr_par' dir='ltr' id='par_1_7' title="bbox 179 4366 285 4405">
     <span class='ocr_line' id='line_1_38' title="bbox 179 4366 285 4405; baseline -0.019 0"><span class='ocrx_word' id='word_1_338' title='bbox 179 4367 229 4405; x_wconf 85' lang='lat' dir='ltr'>nos</span> <span class='ocrx_word' id='word_1_339' title='bbox 251 4366 285 4404; x_wconf 77' lang='lat' dir='ltr'>aa·</span> 
     </span>
    </p>
   </div>
   <div class='ocr_carea' id='block_1_8' title="bbox 0 0 1594 4967">
    <p class='ocr_par' dir='ltr' id='par_1_8' title="bbox 0 0 1594 4967">
     <span class='ocr_line' id='line_1_39' title="bbox 0 0 1594 4967; baseline 0 0"><span class='ocrx_word' id='word_1_340' title='bbox 0 0 1594 4967; x_wconf 95' lang='lat' dir='ltr'> </span> 
     </span>
    </p>
   </div>
  </div>
 </body>
</html>
