3159 4967
376 408 425 462 De
442 407 572 463 diuinis
590 404 772 479 seripturis
790 410 864 465 siue
882 411 1065 480 Speculum.
1228 414 1292 481 369

156 596 298 663 aduenae
320 595 425 663 fuistis
447 594 580 663 interra
597 593 744 682 aegypti·
770 599 869 664 Item
890 600 929 664 in
951 599 1151 666 leniticct‘
1166 600 1290 686 Siquis

157 700 264 765 autem
287 699 408 765 adnos
431 700 604 766 accesserit
625 696 753 766 aduena
774 702 807 766 in
833 703 921 768 terra
934 692 1052 782 uestra,
1075 714 1138 770 nou‘
1151 705 1288 771 tribula-

155 804 231 869 bitis
266 821 353 867 eum:
391 803 475 869 dont
508 804 732 869 conterraneus
764 804 848 870 inter
880 824 938 872 nce
972 808 1033 872 erit
1066 806 1199 887 aduena,
1236 809 1290 891 qui
1388 843 1394 853 ·

158 906 330 973 accesserit
361 906 401 971 ad
430 926 504 973 uos:
536 906 676 993 diligetis
700 928 772 977 eum
794 909 958 992 tamquam
980 928 1048 989 uos,
1078 911 1154 994 qnia
1177 912 1210 977 et
1231 930 1290 977 uos

131 1010 299 1076 saduenae
332 1009 437 1076 fuistr's
469 1012 501 1075 in
534 1012 620 1077 terra
655 1014 789 1097 aegypti.
834 1027 910 1097 egc'
927 1004 996 1079 sum
1031 1014 1189 1081 dominus·
1209 1014 1289 1080 deus

157 1115 273 1181 uester
311 1116 412 1179 Item
440 1115 547 1180 illic:
586 1116 628 1181 nt
660 1118 853 1183 metentibus
887 1118 979 1185 uobis
1011 1136 1150 1184 messem
1182 1119 1288 1183 terrae

157 1218 294 1295 nestrae,
325 1237 385 1284 non
402 1220 673 1285 ‘consummabitis
702 1239 841 1288 messem
872 1222 941 1305 agri
969 1221 1017 1286 tui
1039 1220 1231 1305 permetere:
1255 1221 1289 1287 et

160 1337 240 1402 quae
263 1320 379 1386 cadent
400 1340 437 1387 er
458 1342 562 1389 mosee
584 1323 650 1406 tua,
675 1342 736 1389 uon
751 1324 893 1409 colliges.
932 1325 965 1389 et
978 1324 1106 1390 uincam
1120 1326 1209 1391 tuam
1224 1343 1284 1390 non

158 1426 345 1503 racemabis,
361 1444 418 1491 noc
435 1426 557 1491 acinam
572 1428 684 1493 uineae
699 1428 774 1492 tuae
790 1426 937 1512 colliges:
952 1428 1083 1511 pauperi
1096 1429 1129 1492 et
1143 1427 1284 1493 aduenae

121 1547 148 1588 ιο
159 1526 316 1609 relinques
340 1546 386 1593 ea.
426 1547 483 1613 ego
507 1548 575 1594 sum
599 1530 743 1595 dominus
775 1530 853 1596 deus
874 1531 990 1596 uester.
1028 1550 1089 1597 non
1111 1530 1285 1596 declinabis

159 1629 313 1695 iudicIum
338 1630 478 1697 aduenae
501 1634 533 1696 ot
556 1632 655 1698 orfani
679 1632 711 1697 et
724 1633 852 1699 uiduae.
889 1634 988 1699 Item
1009 1634 1090 1700 iob:
1113 1632 1284 1699 Saluabam

162 1734 244 1798 onim
266 1752 435 1817 pauperem
456 1735 494 1800 de
516 1754 611 1800 manu
626 1733 773 1818 potentie,
797 1735 830 1801 et
848 1736 1039 1802 adiuuabam
1053 1736 1217 1820 pupillum,
1234 1737 1286 1800 oui

162 1857 222 1904 non
257 1840 326 1903 erat
360 1837 558 1903 adiutorium.
599 1857 634 1904 oe
666 1838 783 1905 uiduae
811 1838 974 1904 benedixit
1001 1858 1063 1905 me.
1103 1839 1134 1904 et
1163 1838 1293 1903 indutus

165 1959 249 2006 oram
282 1940 410 2020 iudicio,
445 1942 478 2005 et
510 1940 724 2006 circumdatus
759 1941 929 2025 aequitate.
973 1960 1032 2032 ego
1067 1959 1153 2006 eram
1183 1941 1293 2006 oculus

125 2060 151 2099 1⁵
165 2062 342 2123 caecorum,
367 2062 424 2127 ego
446 2062 502 2127 pes
525 2044 721 2123 claudorum,
739 2063 797 2129 ego
819 2044 1025 2127 inpotentium
1042 2044 1141 2129 pater.
1176 2044 1292 2108 exami-

165 2148 278 2212 nabam
316 2164 429 2212 causas
467 2147 532 2212 sine
571 2146 763 2230 exceptione,
804 2148 836 2212 et
874 2148 1071 2231 confringens
1106 2145 1293 2213 iniustorum

165 2250 266 2315 molae
291 2250 472 2315 auferebam
493 2250 636 2333 rapinam
660 2250 698 2315 dc
724 2249 839 2315 mediis
866 2250 1013 2317 dentibus
1040 2268 1156 2315 eornm.
1195 2250 1292 2315 Item

166 2444 274 2505 labite.
318 2442 358 2503 ln
393 2442 545 2503 lenitico
585 2460 657 2519 cap.
691 2443 778 2504 XCV:
817 2443 1057 2503 Sihabitauemt
1091 2443 1229 2501 aduenam
1262 2444 1347 2506 ino

167 2534 242 2591 tarra
271 2533 367 2589 uestra
395 2547 507 2605 usqne
537 2545 590 2603 ego
620 2528 752 2588 domiuus
773 2529 842 2589 deus
863 2531 966 2587 nester.
1010 2528 1099 2588 Item
1120 2545 1192 2603 cap.
1287 2548 1294 2585 :

128 2640 155 2679 ao
167 2616 206 2675 Et
227 2616 397 2676 metentibus
412 2608 501 2674 'uobis
519 2632 639 2673 messem
660 2631 775 2691 usqne
798 2630 855 2673 nou
870 2613 1026 2673 declinabis
1039 2613 1175 2673 iudicium
1189 2614 1297 2673 sunone

169 2703 198 2760 et
219 2702 309 2761 oriani
332 2705 361 2761 et
381 2701 492 2760 uiduae.
528 2701 569 2759 In
591 2695 831 2782 iob-<sequitur
850 2699 959 2759 laem
972 2700 1083 2772 optati
1097 2695 1294 2780 liberm>

169 2888 266 2949 fuistis
295 2889 325 2946 in
353 2890 430 2947 terra
458 2887 583 2962 aegypti.
626 2888 666 2946 In
695 2887 851 2946 leuitico
881 2904 954 2961 cap.
985 2887 1040 2945 XI:
1067 2887 1098 2944 Si
1125 2877 1298 2945 habItauerit
1325 2908 1349 2965 μ

171 2976 280 3033 aduena
312 2974 343 3032 in
372 2976 449 3032 terra
476 2975 572 3033 nestra
600 2988 713 3047 usque
743 2989 797 3047 ego
820 2973 949 3031 dominus
971 2972 1040 3031 deus
1061 2975 1163 3032 nester.
1207 2971 1308 3031 Item'

171 3077 244 3134 cap.
267 3061 306 3119 X:
330 3061 422 3131 Quum
444 3058 595 3119 messueris
619 3062 730 3133 segetes
760 3061 850 3117 torrae
871 3061 939 3117 tuae
952 3074 1071 3132 usque
1093 3074 1146 3133 ogo
1168 3058 1297 3117 dominns

132 3167 158 3209 ac
171 3146 240 3205 dens
273 3148 375 3205 uester.
418 3145 458 3204 In
491 3145 549 3203 iob
580 3161 654 3218 cap.
750 3164 757 3201 :
786 3144 873 3202 Auris
904 3144 1021 3202 audiens
1049 3144 1230 3202 beatificabat
1254 3160 1298 3202 mo

171 3248 286 3305 usque
308 3233 338 3289 et
361 3231 394 3289 de
417 3230 548 3290 dontibus
571 3228 647 3289 illius
670 3228 831 3288 auferebam
851 3230 993 3304 praedam.

276 3428 289 3482 1
317 3428 379 3483 Leu.
403 3429 445 3493 19,
469 3428 502 3482 33
521 3430 548 3481 et
565 3428 598 3482 34
700 3428 717 3481 6
744 3426 808 3481 Len.
832 3426 874 3489 19,
898 3427 962 3481 aec
980 3426 1013 3501 10
1103 3427 1147 3490 ,11
1174 3427 1231 3482 Iob.
1254 3427 1299 3493 29,

173 3513 275 3567 12-17

227 3699 348 3755 linistis
362 3699 505 3769 admoneo
590 3700 672 3776 1⁰³5
691 3698 780 3769 egypti
795 3696 823 3752 V
906 3697 1069 3753 lenuitiooS
1153 3698 1300 3767 tdiligItis

174 3788 247 3845 ΜΨ
335 3788 437 3856 tillio]
461 3786 612 3841 inleuitico
636 3783 754 3841 Muto
856 3783 986 3839 sonu:
1013 3785 1096 3838 nestri
1117 3783 1234 3840 ΜΗΘ

175 3877 191 3930 9
203 3874 343 3929 racimabis
357 3874 383 3937 S,
402 3871 566 3927 rachemabis
577 3873 612 3925 M
616 3872 663 3925 Vc
674 3870 770 3939 (mach—
787 3870 831 3937 0¹)
899 3866 1040 3923 aocina'M
1041 3871 1071 3932 0,
1080 3870 1166 3923 'aetna
1174 3870 1236 3924 'LV

174 3964 237 4017 tuae
255 3963 351 4017 orno
430 3958 533 4026 colligis
549 3958 588 4011 Μ
671 3956 870 4024 10111111116111
889 3955 917 4018 8,
943 3956 1068 4025 relinquis
1089 3956 1125 4011 11¹,
1157 3982 1161 4012 :
1210 3956 1300 4009 1101·

176 4048 296 4118 phanio
385 4043 547 4100 itemirricb
560 4044 597 4097 M
600 4043 677 4099 VLG
770 4042 805 4105 14
814 4041 939 4096 iudicium
950 4041 1241 4111 (inmurmurat)

178 4171 338 4240 aequitatem
358 4174 425 4237 (equ.
449 4168 480 4232 V)
500 4166 537 4221 M
542 4163 615 4220 VLc
716 4164 748 4218 15
766 4158 886 4218 cecorum
907 4163 959 4219 Vc
1041 4163 1094 4216 -16
1112 4135 1260 4230 confringds
1277 4164 1307 4232 (n

178 4274 199 4311 a.
219 4258 235 4311 1.
253 4254 368 4321 m.1iS
435 4255 466 4307 17
485 4254 572 4307 cerba
589 4252 656 4306 Item
674 4253 702 4305 iu
721 4252 848 4305 nurnerie:
865 4250 1013 4304 Scitote-
1031 4266 1119 4318 cepae
1134 4266 1159 4318 p.
1172 4248 1322 4313 crocin-

180 4344 237 4413 ipra
256 4344 306 4397 erit
325 4358 374 4396 coc.
395 4342 432 4395 M
435 4340 513 4395 VLC
775 4332 796 4385 ’)
1128 4367 1132 4373 ·

227 4446 284 4510 XII,
303 4447 371 4514 Aug.
389 4444 413 4507 3,
432 4454 454 4496 1.
1164 4438 1199 4491 24
