3159 4967
297 445 362 513 594
519 446 566 501 De
584 445 715 499 diuinis
732 447 913 515 seripturis
930 447 1002 500 sine
1021 447 1205 515 Speculum

299 636 458 713 ieiunatis,
493 636 590 700 nolite
623 655 693 701 esse
726 636 810 701 sient
845 637 1025 721 hypocritae
1059 637 1184 701 tristes:
1223 638 1438 703 exterminant

299 740 384 804 enim
413 738 528 804 faeiem
561 758 660 818 snam,
692 740 728 803 nt
756 740 889 821 pareant
909 740 1089 805 hominibus
1111 740 1298 805 ieiunantes.
1339 761 1435 805 amen

300 842 371 908 dico
405 843 505 915 nobis.
538 846 747 926 perceperunt
778 842 960 907 mercedem
995 862 1093 909 snam.
1132 862 1190 908 nos
1220 844 1328 909 autem
1360 864 1434 909 onrn

299 945 457 1024 ieiunatis,
491 946 621 1029 unguite
655 948 751 1028 oapnt
783 946 925 1011 nestrum
949 948 981 1011 et
1011 946 1125 1011 faeiem
1148 947 1290 1011 nestram
1312 946 1434 1023 lanato,

298 1048 417 1113 utnon
439 1048 611 1113 rideamini
635 1049 813 1114 hominibus
835 1048 1021 1127 ieiunantes,
1051 1049 1108 1113 sed
1129 1050 1213 1131 patri
1235 1050 1354 1129 nestro,
1379 1052 1435 1132 qni
1462 1078 1478 1116 s

300 1152 351 1216 est
371 1152 403 1217 in
426 1153 540 1217 caelis:
565 1153 597 1216 et
618 1154 709 1235 pater
727 1154 844 1229 nester,
868 1154 921 1235 qni
937 1152 1027 1217 uidet
1042 1151 1178 1231 occulta,
1200 1152 1316 1217 reddet
1329 1155 1434 1219 nobis

761 1337 963 1423 LXXXVI.

298 1519 450 1561 nomm
477 1518 625 1559 murto
652 1518 813 1560 Formosa
835 1518 897 1559 vm.
924 1520 993 1560 Ar’rs
1026 1520 1095 1560 SINE
1123 1521 1267 1563 Premm
1296 1520 1436 1563 omem

639 1622 761 1662 DEBERE
784 1622 869 1675 QVAE
891 1622 975 1663 BONA
999 1624 1087 1665 SVNT.

343 1738 388 1801 In
409 1735 651 1827 prouerbiisf
675 1734 765 1800 Vade
788 1735 829 1800 ad
851 1735 1025 1814 formicam,
1050 1757 1067 1801 o
1090 1738 1188 1821 piger,
1215 1738 1247 1803 et
1270 1737 1475 1802 aemularero

300 1841 413 1906 uidens
435 1840 505 1904 nias
528 1840 605 1916 eins,
629 1840 662 1903 et
684 1838 752 1905 esto
774 1840 831 1903 illa
847 1840 1034 1921 sapientior:
1058 1840 1115 1905 illa
1131 1842 1213 1905 enim
1229 1860 1302 1905 curn
1320 1859 1434 1923 agrum

300 1963 362 2009 non
394 1942 566 2025 possideat,
604 1961 705 2024 neque
737 1942 968 2025 conpellentem
1004 1963 1038 2009 so
1071 1945 1197 2021 hebeat,
1235 1964 1337 2027 neque
1374 1946 1434 2009 snb

302 2046 427 2111 domino
443 2046 494 2122 sit,
518 2045 673 2126 quomodo
695 2047 787 2127 parat
810 2046 930 2111 aestate
956 2046 1114 2125 alimenta,
1138 2048 1298 2130 copiosam
1324 2050 1434 2111 antem

299 2148 379 2215 facit
409 2147 441 2211 in
474 2166 578 2212 messe
609 2149 847 2230 repositionem!
882 2148 934 2213 nel
967 2149 1050 2214 nade
1080 2150 1120 2215 ad
1150 2168 1251 2232 apem,
1287 2151 1320 2213 et
1343 2150 1433 2215 disee

301 2272 397 2335 quam
426 2252 585 2317 laboriosa
615 2253 672 2330 est,
704 2252 917 2335 operationem
941 2252 1037 2317 etiam
1061 2272 1156 2334 qnam
1179 2254 1321 2318 sanctam
1344 2273 1433 2318 mer·
1447 2275 1473 2314 rs

302 2357 408 2420 osten:
431 2355 520 2421 euius
542 2355 667 2420 labores
689 2373 782 2437 reges
800 2356 831 2420 et
846 2354 1022 2419 medioeres
1040 2354 1081 2420 ad
1096 2356 1265 2420 sanitatem
1281 2356 1433 2421 offerunt:

300 2460 393 2541 grata
423 2459 473 2523 est
499 2458 605 2523 autem
629 2457 773 2523 omnibns
797 2459 829 2522 et
850 2458 997 2539 gloriosa,
1024 2460 1055 2523 et
1077 2477 1150 2523 eum
1173 2459 1214 2525 sit
1237 2457 1358 2524 uiribus
1382 2460 1433 2523 in-

300 2562 402 2637 firma,
425 2560 613 2643 sapientiam
634 2560 822 2643 praedicans
844 2561 998 2643 producta
1022 2563 1079 2627 est.
1111 2581 1211 2647 nsque
1234 2582 1306 2645 qno,
1331 2562 1432 2645 piger,

249 2779 272 2819 a
344 2752 491 2812 LXXXVI.
515 2772 666 2812 sommam
688 2772 825 2815 rxonnso
848 2773 984 2814 nonense
1003 2774 1063 2814 vnn
1085 2775 1174 2815 nrrrs
1196 2776 1266 2816 enen
1289 2776 1434 2817 rremrrr

302 2858 437 2899 oensem
466 2858 588 2898 nnsnrm
619 2857 702 2909 even
731 2858 816 2901 sons
846 2859 935 2899 svnn.
969 2838 1008 2897 In
1030 2842 1239 2914 prouerbiis
1262 2859 1336 2916 oap.
1360 2842 1474 2903 Vllzso

301 2924 378 2983 Vade
407 2926 435 2980 et
465 2923 618 2993 formicam,
653 2940 670 2981 o
696 2924 786 2999 piger,
820 2925 849 2983 et
871 2925 1019 2983 considera
1039 2927 1103 2985 niae
1126 2926 1197 2986 eins.
1242 2928 1333 2985 Item
1355 2946 1432 3002 oap.

249 3140 275 3199 μ
302 3110 561 3255 sigratthitpiigerytae
582 3112 680 3171 tristes
702 3129 816 3187 usqne
839 3115 919 3187 pater
940 3115 1017 3185 tuas,
1041 3114 1090 3188 qni
1111 3116 1188 3173 uidet
1210 3115 1241 3173 in
1256 3117 1432 3186 abscondito,

301 3213 331 3255 re
371 3215 386 3254 e
464 3216 483 3254 1.

345 3282 494 3343 LXXXVI.
517 3301 669 3343 somnam
690 3302 840 3345 murno
856 3302 1015 3345 noanneane
1030 3302 1091 3345 vnn
1105 3306 1174 3346 anns
1196 3304 1265 3347 sinn
1288 3306 1434 3348 mentm

303 3386 437 3429 ornnem
467 3388 589 3429 nenena
618 3387 701 3439 oven
728 3388 812 3431 sona
842 3389 930 3429 rvnr.
963 3371 1004 3429 In
1031 3372 1242 3445 prouerbiis
1266 3388 1339 3446 oap.
1362 3374 1475 3434 runs

301 3453 378 3512 Vade
401 3454 438 3511 ad
468 3454 621 3527 formicam,
652 3470 668 3511 o
690 3454 780 3529 piger,
808 3472 922 3529 usqne
945 3457 973 3515 et
995 3458 1109 3529 egestas
1132 3458 1216 3531 longe
1239 3456 1333 3530 fngiat
1354 3477 1372 3516 a
1393 3462 1431 3521 to.

404 3636 437 3689 10
454 3636 531 3690 Pron.
550 3638 575 3700 6,
593 3636 677 3690 6-11

355 3809 368 3861 1
396 3805 524 3876 hipocrite
551 3805 583 3868 S,
613 3805 784 3875 hypoohritae
810 3806 836 3859 L
946 3806 962 3859 3
986 3807 1151 3875 perciperunt
1176 3808 1199 3863 S
1299 3811 1316 3861 4
1340 3812 1432 3879 ungite

301 3930 340 3983 M
440 3900 564 3981 6ne2ter
584 3930 664 3994 (rara
682 3945 708 3993 r,
727 3943 798 3981 corr.
817 3946 850 3982 m.
870 3927 945 3992 218
1045 3928 1201 3991 occultas,
1231 3930 1379 3985 inocculto
1398 3933 1434 3985 Μ

302 4016 363 4085 Le,
391 4012 420 4068 br
437 4014 476 4084 τῷ
491 4014 620 4083 κρυφαίῳ
725 4013 758 4067 13
781 4016 876 4082 parata
887 4015 890 4083 ξ
900 4016 987 4067 estate
1005 4014 1132 4069 elimenta
1150 4016 1173 4069 S
1273 4016 1381 4085 eopiosa
1398 4019 1433 4072 m

305 4103 383 4158 VLO
480 4101 512 4154 14
530 4100 596 4153 feeit
613 4103 701 4153 autern
719 4099 833 4154 MVLO
935 4100 968 4154 15
987 4104 1027 4154 est
1046 4100 1074 4162 S,
1105 4102 1141 4153 sit
1159 4102 1196 4155 Μ
1201 4102 1276 4157 VLG
1373 4118 1433 4172 ope-

301 4190 404 4243 ratione
422 4188 539 4242 MVLO
633 4185 722 4256 etiam]
742 4189 769 4240 et
786 4188 824 4239 M
828 4188 900 4243 VLC
991 4189 1084 4241 saneta
1103 4188 1140 4241 M
1142 4188 1218 4241 Vno
1314 4188 1346 4243 16
1364 4190 1434 4243 sani-

299 4293 386 4346 tatem
404 4292 530 4347 MVLO:
558 4279 680 4345 soitatens
698 4292 729 4355 S,
758 4290 861 4357 ὑγίειαν
959 4290 991 4345 17
1010 4294 1098 4345 autem
1117 4290 1200 4345 estO
1296 4291 1330 4346 18
1347 4291 1433 4361 predi-

299 4391 364 4431 oans
381 4377 408 4430 L
510 4375 637 4446 producta
654 4379 697 4431 est
714 4393 764 4432 om.
782 4377 899 4433 MVLO
1000 4392 1098 4445 nsqnae
1121 4376 1144 4431 S
