3159 4967
331 422 394 489 656
558 421 605 475 De
623 420 750 475 diuiuis
768 418 951 489 scripturis
969 419 1040 473 sine
1057 418 1238 488 Speculum

331 611 496 678 caenaculi
526 611 594 677 eins
624 630 684 677 non
712 630 784 678 cum
806 608 940 675 iudicio!
984 610 1084 675 Item
1105 608 1142 674 in
1167 609 1381 693 euangelio
1402 629 1456 677 ae-

331 714 498 780 cundnm
520 712 779 781 matthaeum:
811 712 852 779 nt
878 712 979 779 omnis
1001 714 1055 796 qui
1078 711 1170 778 audit
1191 732 1356 782 sermones
1375 733 1454 779 meos

332 816 365 882 et
387 816 464 882 facit
487 836 551 895 eos,
575 815 710 883 similem
728 816 901 883 aestimabo
925 835 998 881 eum
1018 816 1088 881 uiuo
1109 816 1268 899 prudenti,
1291 817 1348 900 qui
1373 816 1453 882 aedi·

329 917 440 983 ficauIt
473 919 601 985 domum
635 938 724 986 suam
755 940 850 1005 snper
878 921 1011 1003 petram
1052 919 1218 986 descendit
1245 921 1369 1004 pluuia,
1401 920 1453 985 ad-

329 1023 484 1087 ueneruut
516 1022 653 1102 flumina,
686 1024 842 1089 uenerunt
873 1022 962 1089 uenti
989 1024 1022 1089 et
1053 1024 1234 1108 Inpigernnt
1265 1024 1299 1089 in
1335 1022 1481 1089 domums

328 1122 428 1204 illam,
459 1126 492 1190 et
520 1144 580 1191 non
610 1125 741 1192 cecidit:
772 1126 905 1191 fundata
935 1126 1018 1192 snIm
1048 1126 1118 1192 erat
1139 1146 1234 1210 snper
1255 1127 1392 1210 petram.
1426 1126 1453 1189 et

330 1228 431 1293 omnts
460 1229 514 1311 qui
544 1229 633 1295 audit
658 1230 715 1296 bos
738 1247 901 1295 sermones
920 1248 1010 1297 meos
1032 1230 1066 1295 et
1086 1248 1148 1295 non
1170 1228 1249 1295 facit
1269 1248 1329 1295 eoa
1351 1228 1451 1295 similis

330 1330 379 1397 est
409 1331 478 1398 niro
512 1332 620 1415 stulto,
654 1333 708 1416 qui
738 1332 889 1399 aedificat
918 1333 1046 1399 domum
1068 1350 1160 1399 suam
1182 1351 1277 1416 snper
1298 1334 1451 1399 harenam.

329 1432 495 1501 aescendit
515 1434 633 1519 pluuia,
660 1436 815 1502 uenerunt
840 1436 971 1503 flumina
1000 1436 1033 1501 et
1061 1434 1241 1519 inpigernnt
1268 1435 1303 1501 in
1335 1434 1451 1501 domun

327 1536 426 1616 illam,
462 1538 495 1604 et
527 1538 654 1619 cecidit,
689 1540 721 1605 et
752 1540 840 1605 facta
870 1541 919 1606 est
950 1538 1041 1605 ruina
1076 1538 1189 1606 domus
1216 1538 1307 1605 iIIIns
1336 1556 1478 1621 magnas

328 1639 427 1704 Item
450 1640 666 1708 secundnm
688 1640 912 1708 iohannem:
943 1638 1066 1707 Solunte
1093 1640 1249 1725 templum
1278 1642 1342 1709 hcc
1366 1658 1450 1706 manu

327 1742 455 1823 factum,
479 1746 512 1809 et
532 1746 564 1811 In
585 1746 691 1812 tuidno
713 1746 795 1811 illud
815 1746 1013 1812 resuscitabo
1036 1742 1102 1810 sine
1124 1744 1281 1810 manibus.
1316 1742 1450 1809 dixerunt

329 1864 403 1933 ergo
432 1845 555 1913 iudaei:
586 1848 798 1931 quadrugInta
820 1848 853 1913 et
881 1866 936 1914 aex
966 1848 1054 1913 annis
1085 1848 1290 1915 aedificatum
1322 1848 1372 1914 est
1400 1848 1447 1911 bec

327 1948 489 2034 templum,
525 1950 557 2015 ut
588 1950 624 2015 tn
656 1950 757 2017 tribus
787 1950 899 2016 diebus
922 1950 1074 2017 excitabis
1102 1951 1206 2019 illud?
1241 1952 1333 2019 iesus
1356 1952 1449 2017 auten

329 2050 456 2117 dicebat
486 2052 525 2118 de
552 2054 672 2138 templo
702 2054 841 2137 corporis
864 2052 922 2122 sui.
966 2055 1068 2121 Item
1091 2054 1304 2139 apostolus
1328 2054 1375 2119 ad
1394 2072 1474 2119 ces

326 2153 501 2221 riutbins
523 2157 556 2220 1:
585 2154 725 2223 NescItis
751 2155 827 2241 quia
846 2155 1002 2240 templum
1024 2156 1076 2222 (lei
1099 2156 1176 2223 estis
1199 2158 1232 2223 et
1253 2158 1384 2241 spiritns
1404 2154 1446 2220 dei
1531 2187 1532 2242 p

327 2258 451 2325 habitat
472 2258 503 2325 in
526 2258 638 2325 uobis?
661 2258 688 2325 si
712 2258 783 2343 quis
807 2260 913 2327 autem
934 2258 1088 2342 templum
1111 2259 1163 2325 dei
1184 2260 1367 2337 uiolauerit
1387 2260 1446 2325 uic

327 2362 408 2428 labit
428 2362 519 2428 illum
542 2362 637 2429 deus:
667 2362 822 2446 templum
845 2361 928 2427 enim
951 2360 1003 2428 dei
1025 2362 1169 2428 sanctum
1192 2364 1251 2441 est,
1274 2363 1362 2447 qued
1382 2361 1445 2427 eatis

329 2484 395 2531 uos.
440 2466 539 2531 Item
560 2465 663 2532 illic:
688 2466 753 2531 Aut
773 2465 904 2531 nescitis
921 2466 1067 2548 quoniam
1082 2466 1225 2533 membra
1242 2468 1354 2533 uestra
1373 2467 1444 2531 tem·

327 2567 414 2652 plum
450 2569 499 2635 est
532 2568 660 2653 spiritus
694 2568 807 2647 sancti,
841 2568 895 2652 qui
924 2567 955 2632 in
978 2567 1069 2635 nobis
1092 2568 1152 2643 est.
1175 2588 1269 2653 quem
1292 2568 1411 2637 habetIs
1429 2586 1470 2632 as

329 2672 399 2751 deo,
433 2672 466 2737 et
498 2691 558 2738 non
593 2672 669 2739 estis
702 2672 824 2737 uestri?
857 2672 954 2755 empti
988 2672 1072 2737 enim
1102 2671 1179 2739 estis
1207 2690 1326 2755 magno
1347 2671 1443 2757 pretio.

326 2772 503 2858 glorificate
526 2773 682 2840 attollite
706 2773 801 2839 deum
821 2774 854 2838 in
877 2792 1006 2858 corpore
1034 2774 1153 2841 uestm
1196 2775 1301 2841 Item
1328 2774 1372 2841 ad
1392 2792 1442 2839 nc

327 2876 494 2944 riuthios
527 2879 575 2943 II:
614 2876 738 2943 Scimus
773 2876 867 2956 enim,
905 2876 1053 2960 quoniam
1088 2878 1115 2942 si
1151 2877 1313 2946 terrestris
1347 2878 1442 2945 conus

327 2980 435 3047 nostra
463 2981 557 3047 huius
585 2980 788 3049 habitationis
819 2980 1022 3058 dissoluatur,
1052 2982 1137 3065 quod
1163 2981 1442 3060 aedificationema
1530 2967 1531 2972 ’

329 3082 387 3149 deo
410 3084 573 3164 habemus,
605 3084 731 3151 domum
758 3102 819 3150 nun
841 3082 1086 3163 manufactam,
1110 3083 1271 3152 aeternam
1293 3082 1468 3151 innuebas

327 3203 400 3251 nam
429 3186 461 3250 in
490 3188 549 3252 hoc
578 3186 745 3271 gemimus,
775 3186 993 3253 habitaculum
1019 3186 1171 3266 nnstmm,
1196 3187 1280 3270 quod
1305 3188 1345 3253 de
1366 3183 1440 3251 caelo

328 3288 386 3369 est,
418 3289 622 3373 superaestiri
651 3288 831 3373 cupientes:
862 3288 890 3353 si
918 3288 1026 3357 tamen
1056 3289 1192 3373 spoh'ati,
1222 3308 1284 3355 non
1307 3288 1380 3355 nudi
1398 3287 1440 3351 in·
1529 3329 1530 3376 ;

327 3410 500 3461 uemamur.

429 3628 565 3685 aucun.
584 3630 608 3700 7,
626 3628 728 3684 24-27
834 3632 865 3686 ll
888 3630 944 3685 leia
962 3630 987 3694 2,
1006 3630 1105 3687 19-21
1211 3631 1244 3685 16
1264 3630 1279 3685 1
1297 3631 1357 3688 cca.
1373 3629 1396 3691 8,
1413 3624 1439 3679 lt

327 3717 405 3771 etl'i
509 3714 844 3781 lamasabactani
945 3714 1230 3781 millenum-8

378 3941 392 3995 1
411 3940 529 3995 cenaculi
547 3938 571 3995 8
669 3953 781 4008 euuaup.
799 3954 849 3993 sec.
868 3938 958 3993 matti
976 3938 1000 3995 S
1099 3938 1160 3993 iet
1178 3938 1194 3992 9
1213 3936 1383 3993 ᾰίωοιιᾱῆδ

325 4026 359 4081 21
378 4026 459 4097 empti
477 4026 501 4083 S
584 4040 681 4094 magno
698 4024 783 4093 pretio
801 4025 834 4080 S:
860 4025 945 4095 pretia
961 4040 1058 4094 magno
1074 4042 1101 4087 u,
1126 4023 1214 4093 cepasio,
1232 4024 1270 4093 cf.
1287 4026 1382 4093 4929

326 4111 360 4166 27
377 4110 545 4182 mperueetin'
564 4110 596 4167 S:
625 4109 776 4181 superindui
792 4126 810 4166 c
828 4110 947 4181 (corripe
964 4111 1060 4166 dact.
1079 4114 1141 4179 430,
1157 4111 1187 4178 3)
