3159 4967
288 407 352 474 244
673 404 699 458 S.
718 404 833 458 Aureli
849 367 1033 473 Augustini

288 595 491 680 agnitionem,
523 592 697 658 secundum
720 593 889 676 imaginem
913 593 992 671 eius,
1020 593 1074 676 qui
1096 593 1219 662 creauit
1245 613 1334 660 cum:
1363 595 1419 660 ubi
1486 661 1489 664 ,

286 718 347 764 non
381 698 429 762 cst
451 695 579 780 gentilis
602 697 635 760 et
656 695 805 774 Iudaeus,
832 696 1031 764 circumcisio
1054 697 1087 761 et
1108 697 1318 780 praeputium,
1340 698 1418 763 bar·

286 803 382 867 barus
412 801 445 865 et
472 799 599 883 Scytha,
629 816 741 864 seruus
771 800 804 864 et
829 799 921 876 liber,
950 799 1008 864 sed
1036 800 1141 866 omnis
1164 801 1197 864 et
1217 801 1250 866 in
1272 801 1418 869 omnibus

288 905 441 972 Christus.
479 903 600 968 induite
624 921 698 986 ergo
725 921 782 969 nos
806 903 890 968 sicut
911 902 1007 968 electi
1029 901 1091 981 dei,
1115 904 1218 970 sancti
1241 905 1274 968 et
1296 903 1416 983 dilecti,

286 1008 411 1074 uiscera
434 1005 679 1084 misericordiae,
703 1005 941 1088 benignitatem,
968 1005 1191 1085 bumilitatem,
1215 1008 1416 1085 modestiam,
1444 1028 1459 1068 s

285 1112 481 1196 patientiam,
515 1109 736 1193 subportantes
763 1109 900 1188 inuicem
929 1109 961 1174 et
990 1109 1143 1176 donantes
1165 1111 1257 1176 uobis
1279 1110 1366 1193 ipsis,
1390 1111 1418 1176 si

287 1216 356 1299 quis
382 1215 537 1280 aduersos
556 1214 694 1296 aliquem
708 1214 806 1280 habet
821 1213 1010 1296 querellam:
1027 1214 1111 1278 sicut
1126 1213 1272 1280 dominus
1288 1213 1418 1280 donauit

286 1320 386 1398 uobis,
410 1319 455 1384 ita
480 1319 512 1383 et
533 1337 599 1384 uos.
639 1337 731 1400 super
755 1318 861 1384 omnia
885 1317 991 1383 autem
1005 1319 1084 1383 haec
1100 1317 1269 1382 caritatem
1286 1318 1414 1399 habete,

287 1424 371 1508 quod
405 1424 454 1488 est
483 1422 644 1488 uinculum
679 1421 890 1504 perfectionis.
929 1422 962 1486 st
988 1440 1049 1504 pax
1077 1421 1195 1486 Christi
1230 1421 1352 1486 exultet
1383 1421 1416 1485 in

284 1527 432 1594 cordibus
467 1525 591 1604 uestris,
622 1526 654 1589 in
688 1544 750 1608 qua
780 1526 812 1590 et
840 1525 947 1589 uocati
976 1525 1053 1590 estis
1074 1523 1106 1588 in
1128 1524 1456 1607 unocorpore:et10

285 1631 390 1716 gratia
414 1631 526 1696 estote.
565 1628 697 1694 uerbum
721 1627 838 1694 Christi
859 1628 1036 1693 habitatin
1058 1627 1149 1693 uobis
1173 1627 1369 1693 abundanter
1383 1626 1415 1691 in

285 1735 369 1800 omni
386 1733 558 1816 sapientia:
576 1732 726 1798 docentes
742 1732 775 1796 et
790 1733 1025 1797 commonentes
1040 1733 1262 1814 nosmetipsos
1272 1731 1414 1814 psalmis,

283 1837 418 1922 hymnis,
448 1836 580 1902 canticis
610 1834 804 1918 spiritalibus
830 1834 998 1918 ingratia,
1026 1835 1190 1900 cantantes
1212 1833 1245 1899 in
1267 1835 1415 1901 cordibus

284 1941 401 2005 uestris
425 1939 493 2004 deo.
534 1957 625 2003 omne
650 1938 870 2020 quodcumque
897 1938 1002 2004 facitis
1024 1939 1055 2002 in
1078 1940 1176 2004 uerbo
1193 1921 1294 2003 autin
1311 1957 1414 2021 opere,

285 2044 388 2108 omnia
416 2043 448 2106 in
479 2042 603 2106 nomine
634 2041 752 2106 domini
779 2043 863 2120 Iesu,
892 2041 1012 2124 gratias
1041 2041 1173 2125 agentes
1196 2041 1256 2106 deo
1279 2043 1313 2107 ct
1331 2042 1416 2125 patui
1429 2066 1457 2106 a

284 2165 339 2228 per
367 2144 481 2228 ipsum.
519 2147 678 2225 mulieres,
708 2147 853 2212 subditae
885 2147 985 2212 estote
1016 2147 1103 2225 uiris,
1132 2147 1216 2213 dent
1237 2148 1363 2230 oportet
1382 2148 1414 2212 in

285 2247 421 2314 domino.
460 2249 529 2327 uiri,
562 2249 684 2334 diligite
712 2268 825 2315 uxores
854 2250 886 2314 et
914 2251 1011 2315 nolite
1041 2251 1140 2314 amari
1170 2268 1240 2315 esse
1268 2250 1310 2314 ad
1331 2249 1413 2316 illas
1447 2293 1453 2301 -

284 2349 351 2431 filii,
382 2351 528 2418 oboedite
556 2354 739 2436 parentibus
767 2371 824 2437 per
853 2353 967 2432 omnia,
996 2354 1055 2418 hoc
1079 2353 1162 2418 enim
1189 2353 1342 2436 placitam
1367 2353 1417 2419 cst

282 2455 313 2519 in
344 2455 479 2522 domino.
519 2457 635 2540 patres,
665 2457 762 2523 nolite
794 2461 837 2526 ad
859 2457 1109 2542 indignationem
1137 2473 1310 2540 prouocare
1331 2455 1416 2522 filios

283 2559 417 2639 neabos,
442 2562 479 2625 ut
502 2579 561 2626 non
583 2563 699 2646 pusi-llo
723 2563 929 2628 animabant
969 2563 1063 2642 serui,
1079 2561 1226 2629 oboedite
1240 2581 1296 2647 per
1310 2562 1455 2629 omniane

284 2661 418 2728 dominis
441 2665 632 2745 carnalibus,
656 2687 715 2732 non
740 2667 781 2732 ad
797 2668 924 2732 oculum
940 2666 1114 2733 sementes
1130 2667 1221 2750 qnasi
1236 2667 1415 2732 hominibus

281 2766 455 2846 placentes,
504 2769 561 2834 sed
592 2771 628 2834 in
666 2771 871 2855 simplicitate
907 2771 1012 2838 cordis
1041 2772 1198 2836 ‘timentes
1243 2771 1413 2836 dominum

282 2869 504 2953 quodcumque
539 2872 653 2951 lanitia,
670 2901 674 2908 ·
689 2893 725 2938 er
755 2875 858 2939 animo
892 2875 1073 2958 operamini,
1108 2873 1193 2941 sicut
1227 2873 1352 2938 domino
1381 2874 1416 2938 et

282 2989 342 3036 non
372 2973 561 3050 hominibus,
591 2977 726 3042 scientes
754 2979 841 3060 quod
868 2978 1035 3044 adomino
1064 2970 1227 3061 accipietis
1247 2977 1415 3042 retributi-

282 3091 373 3139 onem
397 3076 593 3144 hereditatis.
636 3078 761 3146 domino
785 3081 910 3147 cbristo
933 3082 1060 3147 sernitc.
1100 3078 1154 3164 qui
1170 3081 1251 3145 anim
1267 3080 1457 3144 iniuriamne

281 3177 369 3257 lacit,
401 3179 515 3262 recipit
542 3181 576 3245 id
605 3181 689 3264 quod
715 3182 822 3265 inique
851 3185 960 3267 gessit,
984 3186 1018 3250 ct
1043 3204 1103 3251 non
1134 3184 1184 3249 est
1209 3201 1415 3267 personarum

283 3281 425 3364 acceptio
456 3283 538 3365 apud
568 3284 670 3350 deum.
715 3285 851 3366 Domini,
881 3288 965 3370 quod
992 3289 1112 3354 iustum
1140 3289 1189 3354 est
1211 3288 1245 3353 et
1267 3305 1414 3370 acquum,

383 3437 417 3490 27
437 3437 491 3494 Col.
511 3441 536 3508 4,
556 3441 623 3496 1-6

333 3571 672 3644 2genrrlerb1uderP¹
768 3581 893 3637 trcrrba
910 3582 975 3647 MC,
1003 3582 1099 3636 [chara
1117 3582 1153 3649 Ρ,
1180 3588 1253 3636 ressa
1269 3583 1305 3648 R,
1336 3587 1415 3652 scyra

282 3659 305 3712 S
395 3663 422 3714 ct
441 3667 507 3717 anis
524 3663 592 3719 liber
610 3683 659 3721 em.
679 3667 718 3722 Ρι
812 3669 830 3720 4
847 3669 900 3738 dci]
919 3683 970 3723 om.
989 3670 1027 3724 ΡΙ
1124 3671 1153 3738 ct
1169 3667 1270 3738 dilecti]
1289 3669 1313 3723 ἁ
1329 3668 1414 3722 electu

279 3743 356 3814 Μθῑ,
380 3761 431 3801 om.
450 3749 478 3803 R
582 3753 598 3805 6
616 3752 742 3806 uotam&
759 3753 816 3808 P'c
919 3755 1022 3808 isicut
1039 3757 1067 3809 et
1084 3771 1120 3809 ac
1222 3754 1344 3810 domiuus
1361 3769 1414 3810 cn.

280 3831 312 3886 0¹
398 3833 493 3903 Suos]
509 3835 595 3891 faute
614 3839 681 3895 add.
701 3839 740 3895 Sa
834 3842 864 3894 ll
884 3857 961 3910 gran
982 3841 1111 3897 O’Rb'w
1203 3840 1414 3895 Idomenenses

279 3917 307 3972 R
393 3934 421 3971 1n
438 3920 543 3987 psalmus
559 3923 637 3978 P²Sa
723 3925 764 3979 .1s
783 3924 806 3978 ds
822 3927 926 3997 hymnus
942 3927 977 3996 P,
1002 3927 1100 3980 hanimi
1113 3926 1174 3981 ΜΟ
1258 3926 1282 3978 u
1298 3931 1417 3990 canticas

277 4003 340 4057 Pac
423 4003 455 4056 14
473 4005 571 4062 domini
589 4013 671 4065 nostri
688 4029 708 4065 a
786 4012 894 4067 1510n1
911 4013 1008 4069 cuncti
1027 4029 1062 4067 ao
1143 4013 1176 4067 16
1194 4011 1299 4067 nomn
1316 4013 1345 4068 R

279 4091 311 4142 17
329 4088 439 4157 dillgere
457 4091 485 4144 P
568 4098 668 4166 uxeres]
688 4097 755 4152 add.
773 4101 876 4154 uestm
894 4101 959 4155 Bau
1050 4099 1084 4154 18
1101 4098 1142 4152 fib
1159 4099 1193 4153 S·
1283 4098 1318 4152 20
1334 4098 1413 4167 llum·

277 4173 375 4228 lsmmo
402 4175 474 4239 MC,
504 4181 698 4246 puabllammcs
721 4184 750 4237 Ρ
857 4184 889 4239 21
916 4185 1005 4240 uerba
1033 4185 1151 4254 qussi—
1164 4181 1335 4239 —timentss
1360 4201 1413 4243 ons

278 4260 315 4313 Ρι
385 4259 420 4313 22
448 4259 589 4335 dominum]
614 4265 659 4321 dm
686 4268 725 4322 Ρ1
827 4269 862 4322 25
884 4269 951 4325 fucit
972 4271 1095 4324 iniuriam
1118 4287 1138 4324 c
1241 4271 1412 4341 ltrscsprct

280 4345 362 4400 RSco
469 4347 557 4416 inique
576 4367 626 4404 ont.
644 4351 672 4407 R
774 4351 809 4406 27
827 4355 862 4424 ct]
886 4370 936 4409 om.
955 4353 1054 4410 MP¹O
