3159 4967
394 464 441 519 De
459 462 588 517 diuinis
606 463 786 532 seripturis
804 464 877 517 sine
895 462 1079 532 Speculum.
1238 462 1302 530 663

170 658 232 721 iter
261 654 374 739 populo
403 654 532 719 meoet
558 652 682 737 lapides
707 652 747 719 de
767 653 823 718 uia
843 653 985 736 proicite.
1030 654 1130 718 Item
1157 652 1196 717 in
1218 649 1301 718 hie-

170 760 296 825 remia
325 758 528 842 propheta:
566 756 648 821 Date
679 755 805 821 domino
832 756 892 821 deo
914 757 1022 823 uestro
1045 756 1179 841 gloriam
1209 755 1302 820 ante-

170 882 266 945 quam
289 862 436 927 obscuret
459 859 491 924 et
512 859 695 943 priusquam
719 858 878 924 offendant
898 858 997 942 pedes
1014 860 1114 924 uestri
1135 859 1168 924 in
1183 857 1301 923 monti-

170 966 230 1031 bus
259 963 444 1031 tenebrosis.
489 963 587 1029 Item
617 962 654 1027 in
676 981 790 1028 naum
813 962 1022 1046 propheta:
1056 962 1182 1028 Montes
1211 980 1301 1026 oom-

145 1067 249 1133 amoti
271 1068 345 1134 sunt
367 1068 405 1131 ab
428 1066 493 1144 illo,
526 1066 558 1131 et
586 1065 686 1131 eolles
715 1066 923 1145 tremuerunt,
955 1067 988 1131 at
1015 1064 1200 1131 lormidauit
1228 1065 1301 1131 uni-

171 1190 266 1237 uersa
285 1172 381 1247 terra,
405 1170 438 1234 ot
458 1170 568 1253 petrae
590 1168 771 1235 eonfraotae
795 1170 870 1234 sunt
892 1171 1006 1235 abente
1025 1189 1106 1235 enm.
1144 1170 1243 1234 Item
1263 1169 1302 1233 in

173 1275 372 1340 ambaeum
386 1272 597 1355 propheta:
613 1271 818 1337 Defluxerunt
832 1272 954 1354 gentes,
972 1272 1115 1354 quassati
1126 1274 1301 1337 suntmon-

169 1378 221 1443 tes
251 1375 463 1454 uehementer,
491 1376 656 1458 liquefacti
687 1377 760 1441 sunt
789 1376 888 1442 eolles
911 1376 1097 1442 aeternales.
1143 1376 1241 1441 Item
1264 1376 1303 1440 in

172 1479 350 1547 ezechiel
371 1479 582 1562 propbeta:
605 1479 723 1561 Aquila
743 1479 802 1543 illa
822 1497 939 1563 magna
959 1498 1146 1563 magnaram
1171 1479 1302 1553 alarum,

129 1614 157 1654 ro
170 1583 267 1665 longa
297 1582 487 1659 extensione,
517 1581 611 1664 plena
638 1581 808 1663 unguibus,
839 1600 921 1664 quae
948 1581 1047 1647 babet
1077 1581 1229 1646 ducatum
1250 1581 1302 1644 in-

169 1686 276 1751 trandi
309 1686 341 1751 in
373 1685 515 1750 libanum
538 1684 570 1749 et
593 1685 737 1767 aeeipere
768 1684 872 1749 eleeta
900 1684 998 1763 oodri,
1033 1704 1158 1750 summa
1181 1684 1302 1749 teneri-

169 1788 290 1854 tudinis
314 1788 429 1854 euolsit
451 1788 484 1853 et
506 1787 622 1852 adtulit
642 1788 674 1851 in
693 1788 780 1853 terra
795 1789 960 1865 chanaam
982 1788 1014 1852 in
1031 1788 1162 1853 eiuitate
1177 1788 1304 1853 murata

170 1892 277 1974 posuit
299 1910 345 1957 ea
390 1892 488 1956 Item
517 1891 556 1955 in
585 1892 663 1957 iob:
694 1891 735 1957 llt
766 1891 905 1957 dissolue
936 1890 1020 1974 quod
1042 1911 1115 1957 eum
1143 1891 1303 1974 lapidibus

171 2103 322 2177 gredimini
344 2119 395 2177 per
415 2104 513 2177 portas
527 2120 605 2162 meas
620 2105 649 2161 et
663 2102 748 2161 iaoite
769 2104 833 2161 iter.
870 2103 910 2161 In
932 2102 1110 2162 hieremia
1131 2119 1205 2177 oap.
1295 2121 1303 2159 ε
1333 2123 1355 2164 α

131 2208 158 2246 ra
171 2188 245 2249 Date
274 2188 385 2247 domino
416 2189 468 2247 deo
496 2190 591 2247 uestro
621 2188 750 2261 gloriam,
782 2190 933 2262 antequam
954 2189 1094 2247 obseurat
1138 2189 1178 2247 In
1199 2205 1305 2248 naum

172 2291 246 2351 eap.
336 2275 477 2333 :Montes
500 2274 629 2333 commoti
652 2275 769 2333 suntab
785 2290 828 2343 eo,
851 2275 880 2331 et
902 2273 987 2332 eolles
1010 2274 1132 2332 adsolati
1154 2277 1229 2333 sunt.
1264 2274 1305 2334 In

172 2362 306 2420 ambae.
330 2375 405 2435 oap.
509 2378 516 2417 :
546 2359 666 2434 Aspexit
695 2361 724 2417 et
753 2357 886 2419 dissoluit
908 2361 1018 2432 gentes,
1051 2361 1080 2417 et
1101 2360 1212 2417 eontriti
1238 2362 1305 2419 sunt

171 2450 281 2507 montes
305 2444 419 2505 saeeuli.
461 2444 640 2505 Inoreob.
665 2460 737 2520 oap.
827 2444 1222 2518 :Aquilaillamagnarum
1245 2446 1303 2503 ala-

171 2550 243 2591 mm.
287 2531 328 2590 In
357 2532 416 2591 iob
439 2548 513 2606 oap.
536 2530 631 2591 VIIII:
666 2530 722 2589 Sed
751 2548 815 2589 eum
843 2529 988 2605 lapidibus
1017 2531 1165 2603 regionum
1189 2532 1304 2606 paetum

130 2738 284 2795 sonsque
306 2722 335 2778 et
358 2719 454 2793 eligite
476 2717 596 2793 lapides.
641 2718 681 2777 In
702 2718 880 2777 hieremia
901 2737 975 2794 eap.
1065 2736 1072 2774 z
1094 2718 1169 2777 Dato
1191 2718 1303 2777 domino
1331 2742 1355 2799 μ

172 2806 223 2866 deo
255 2806 350 2866 uestro
384 2805 513 2879 gloriam,
548 2804 699 2878 antequam
732 2805 964 2865 contenebrescat
991 2820 1106 2878 usque
1135 2803 1172 2861 ad
1192 2805 1303 2863 montes

171 2893 324 2966 caligosos.
360 2891 400 2951 In
421 2908 522 2949 naum
544 2906 619 2965 oap.
708 2909 715 2947 ε
748 2891 862 2951 Montes
893 2892 1024 2951 eommoti
1046 2892 1115 2951 sunt
1143 2890 1180 2949 ab
1209 2905 1252 2959 oo,
1275 2894 1305 2948 et

172 2978 258 3038 eolles
289 2976 410 3035 adsolati
441 2978 508 3037 sunt
536 2992 649 3050 usque
679 2978 827 3051 etpetrae
850 2978 1005 3037 dissolutae
1029 2976 1154 3037 suntab
1177 2992 1219 3036 eo.
1263 2975 1303 3034 In

171 3063 314 3125 oantieo
338 3064 503 3123 ambaeuo
526 3079 599 3137 cap.
689 3079 696 3119 r
719 3062 840 3137 Aspexit
854 3065 884 3123 et
898 3062 1033 3124 dissoluit
1053 3063 1165 3137 gentes,
1188 3063 1218 3121 et
1237 3077 1302 3121 oon·

130 3168 158 3208 aa
171 3150 233 3209 triti
255 3150 323 3209 suut
344 3151 453 3209 montes
477 3148 593 3219 saeouli,
616 3147 757 3213 ineuruati
780 3151 848 3207 sunt
870 3149 955 3210 eolles
969 3149 1077 3209 mundi.
1113 3148 1156 3207 In
1177 3148 1303 3208 ezeebl

172 3252 247 3310 eap.
336 3254 343 3291 :
376 3234 481 3309 Aquila
514 3232 632 3307 grandis
654 3249 823 3308 magnarum
853 3236 969 3305 alarum,
1001 3234 1088 3309 lengo
1116 3234 1303 3293 membrorum

172 3320 259 3380 duotu
290 3337 404 3395 usque
432 3320 463 3379 in
492 3320 562 3379 urbe
591 3320 799 3394 negotiatorum
827 3321 925 3395 posuit
952 3321 1041 3379 illam.
1084 3320 1125 3378 In
1146 3319 1204 3378 iob
1228 3334 1301 3393 eap.

172 3406 269 3467 VIIII:
293 3406 348 3464 Sed
369 3423 432 3465 eum
454 3404 598 3481 lapidibus
616 3406 765 3479 regionum
785 3408 900 3480 paetum
921 3409 1010 3465 trum.
1046 3407 1087 3465 In
1110 3421 1204 3464 amos
1226 3421 1301 3478 oap.

273 3604 493 3667 emanuele
589 3604 717 3659 lNamn.
737 3606 796 3675 1,5
896 3604 1077 3674 illabili
1173 3603 1301 3658 threeh.

171 3691 328 3757 lesere
432 3690 465 3744 13
481 3690 537 3745 Iob.
555 3690 632 3755 5,28

223 3880 237 3932 1
264 3878 335 3933 inter
361 3878 384 3931 S
482 3894 541 3932 meo
560 3878 661 3934 Meo:
692 3878 786 3933 oras
886 3878 950 3931 Set
975 3876 1104 3932 MVLGa
1133 3894 1184 3932 ora.
1212 3880 1236 3933 S

169 3964 647 4027 litem-Montes-664,4ab
672 3966 794 4019 imooru.
816 3965 843 4019 V
942 3962 1015 4018 dab
1035 3967 1097 4018 ante
1122 3964 1155 4027 S,
1186 3966 1304 4019 anteM

171 4050 222 4106 LO
323 4049 487 4103 iabbaeum
503 4050 541 4119 pf.
562 4050 595 4119 S,
625 4050 763 4105 ambaenm
781 4050 831 4115 Μ,
862 4049 961 4104 abaeue
979 4050 1030 4106 Lo
1131 4051 1301 4121 Sliqneiaoti

170 4136 194 4191 S
288 4136 436 4205 eqaeehiel
453 4136 491 4205 pf.
511 4136 540 4199 S,
571 4137 685 4193 ezechiel
703 4138 772 4202 ΜΟ,
801 4136 946 4191 bieaeehiel
963 4137 991 4190 L
1071 4138 1182 4192 ullarum
1199 4138 1234 4191 Μ

171 4223 201 4276 11
230 4220 318 4276 caedri
346 4222 430 4276 SML
532 4238 633 4277 mmma
651 4221 831 4277 teneritudine
853 4222 951 4288 ΜΟ,
981 4223 1016 4273 τὰ
1033 4224 1103 4291 ἄκρα
1121 4223 1170 4291 τῆς
1187 4224 1301 4291 ἁπλότη-

169 4326 217 4369 τος
321 4308 353 4362 12
372 4308 468 4363 euulsit
485 4309 574 4363 MLO
674 4310 767 4363 attulit
785 4309 836 4364 LO
936 4312 1035 4363 terram
1057 4308 1080 4365 0
1181 4310 1301 4365 charram

170 4394 210 4463 L,
240 4408 342 4447 canaan
363 4394 386 4449 0
488 4392 520 4446 13
537 4395 565 4447 in
584 4400 650 4448 arete
667 4394 711 4449 iob
730 4394 823 4449 om.G
