3159 4967
270 427 335 494 514
492 425 539 480 De
557 424 687 480 diuinis
705 415 885 495 scriptoris
903 425 976 480 sine
994 425 1176 494 Speculum.

272 635 341 683 sum
372 617 428 681 ent
455 616 487 680 in
517 615 670 682 nomeriis
701 615 756 680 ent
783 615 815 680 in
843 614 969 682 ieiuniis
993 615 1047 680 ont
1076 615 1109 683 in
1138 614 1281 692 sabbato,
1312 611 1397 696 qnod

272 719 322 784 est
342 720 455 786 embra
472 718 657 797 necuim,
681 735 794 802 corpus
811 719 918 784 sutem
932 720 1051 784 christi.
1082 738 1173 785 nemo
1189 737 1247 784 nos
1262 718 1396 783 seducet

270 821 380 886 nolens
407 821 440 886 in
462 821 640 889 hnmilitate
663 841 775 888 sensns
798 821 830 888 et
852 823 1074 905 superstitione
1098 821 1290 905 angelornm,
1313 838 1396 903 qnae

269 923 353 988 uidit
374 925 547 1003 ambulans,
579 927 731 990 extollens
753 945 788 991 se
811 925 878 991 sine
901 945 998 992 censs
1026 925 1152 992 inflatus
1176 944 1269 990 senen
1291 922 1395 990 cernis

266 1046 357 1106 suae,
381 1029 414 1096 et
434 1046 495 1096 non
516 1029 627 1096 tenens
648 1031 753 1112 capnt,
778 1048 815 1094 er
839 1047 899 1112 quo
915 1048 1006 1096 omns
1029 1045 1142 1112 corpus
1164 1047 1224 1113 per¹
1242 1045 1339 1094 nerns
1363 1027 1396 1092 et
1422 1047 1438 1088 ε

269 1131 504 1202 concretiones
524 1131 712 1214 productum
736 1133 768 1198 et
788 1131 968 1215 porrectum
991 1131 1106 1198 crescit
1134 1131 1166 1195 in
1190 1130 1395 1213 augmentum

270 1231 330 1302 dei.
368 1235 396 1299 si
425 1253 503 1318 ergo.
527 1235 644 1302 mortni
674 1235 750 1301 estis
779 1254 854 1300 enm
882 1235 999 1302 christo
1030 1235 1069 1300 ob
1103 1234 1266 1300 elementis
1299 1233 1394 1298 hnins

268 1336 387 1416 mnndi,
418 1357 515 1421 quere
542 1339 705 1420 tamqnam
733 1338 879 1404 uiuentes
909 1339 940 1405 in
970 1339 1029 1404 hoe
1059 1337 1175 1402 mundo
1199 1335 1395 1402 decernitis?

268 1457 308 1504 ne
329 1439 499 1522 tedgeritis
520 1460 622 1523 nequo
643 1441 848 1524 gustsneritis
870 1459 970 1523 neque
993 1439 1280 1506 contrectarentis!
1310 1457 1394 1522 qnae

269 1543 343 1608 sunt
376 1544 481 1611 omnic
512 1544 546 1608 in
573 1544 735 1611 interitum
766 1544 835 1627 ipso
864 1563 934 1621 usn,
966 1543 1139 1610 secundnm
1168 1543 1338 1626 praecepte
1360 1543 1395 1608 et
1408 1563 1437 1604 no

266 1645 417 1712 mandato
439 1647 609 1725 hominum.
633 1666 714 1730 queo
735 1649 811 1712 sunt
829 1647 956 1730 quidem
971 1647 1126 1712 rationem
1140 1647 1289 1715 habentia
1304 1645 1392 1728 sspi-

268 1750 371 1822 entiee
399 1750 432 1816 in
460 1751 612 1834 religione
635 1753 668 1816 et
694 1751 873 1818 hnmilitate
901 1749 1016 1829 cordis,
1046 1769 1107 1818 non
1137 1747 1295 1833 parcendo
1317 1765 1392 1814 eor·

266 1853 343 1935 pori,
365 1854 481 1923 nonin
501 1855 618 1923 honore
646 1854 751 1937 aliquo
775 1855 816 1920 cd
838 1854 1039 1923 sewntctem
1059 1853 1174 1919 omnis.
1219 1853 1321 1921 Item
1342 1852 1393 1918 cd

265 1956 497 2024 timotheum
519 1959 534 2020 Ι
543 1978 551 2019 :
581 1957 667 2024 linis
697 1959 805 2026 eutem
832 1958 993 2041 praecepti
1021 1957 1207 2024 esitantes
1231 1955 1270 2022 de
1293 1957 1392 2022 corde

265 2077 344 2141 puro
366 2060 399 2124 et
420 2059 614 2130 conscientie
633 2060 716 2126 bone
738 2062 771 2126 et
790 2059 854 2126 fide
877 2079 937 2126 nor
959 2061 1044 2129 ficta,
1084 2079 1104 2126 e
1125 2061 1238 2143 qoribns
1261 2058 1391 2142 oetam
1406 2083 1435 2126 ro

267 2163 455 2229 excedentes
484 2163 627 2229 conuersi
658 2165 730 2229 sunt
758 2164 791 2228 in
824 2165 1050 2248 neniloquinm,
1080 2164 1225 2230 uolentes
1255 2180 1324 2228 esse
1356 2179 1390 2226 se

264 2265 346 2348 legis
370 2265 524 2347 doctores,
548 2286 609 2335 non
629 2267 851 2354 intellegentes
875 2287 976 2352 neque
992 2287 1073 2352 qnae
1094 2267 1266 2350 loquuntur
1287 2283 1389 2348 neque

266 2368 305 2435 de
328 2369 441 2451 quibus
463 2369 638 2436 adfirmant
683 2371 772 2440 Hecc
797 2372 875 2448 doce
899 2372 931 2436 et
953 2373 1133 2438 exhortare..
1158 2371 1184 2436 si
1207 2370 1277 2452 quis
1297 2369 1390 2435 alitor

266 2471 359 2538 docet
389 2475 422 2538 et
442 2492 503 2540 non
526 2473 705 2556 adquiescit
733 2475 818 2540 senis
841 2475 1037 2541 sermonibus
1061 2473 1177 2540 domini
1200 2472 1298 2539 nostri
1319 2472 1389 2538 iesn

213 2707 234 2747 α
263 2687 352 2746 Nemo
381 2688 475 2746 entem
503 2702 554 2746 nos
583 2686 698 2747 indicet
741 2685 792 2749 Ad
813 2687 1029 2749 timotheum
1050 2686 1064 2744 l
1087 2703 1159 2760 cap.
1270 2703 1277 2742 :
1306 2682 1431 2745 linisro

265 2775 358 2832 entem
390 2773 533 2848 praecepti
565 2775 610 2831 ost
642 2773 746 2833 sorites
779 2789 889 2848 nsque
924 2765 1004 2840 disce
1037 2773 1072 2840 et
1106 2770 1253 2835 eiusmodi.
1301 2770 1389 2840 Itenp

211 2980 235 3038 μ
263 2973 377 3031 usqne
406 2960 437 3018 in
458 2957 616 3021 humilitate
638 2960 668 3017 et
687 2957 823 3032 religione
846 2958 1018 3033 angelornm.
1062 2959 1113 3020 Ad
1139 2959 1353 3027 timotheum
1373 2957 1390 3024 1

263 3059 339 3118 esp.
361 3044 392 3104 I:
420 3045 503 3104 Finis
532 3045 624 3104 antem
654 3045 797 3118 praecepti
827 3047 874 3104 est
897 3046 999 3108 enies
1022 3045 1056 3108 de
1075 3045 1160 3112 [eorde
1181 3060 1251 3119 pnro
1273 3059 1389 3117 usqne

263 3145 353 3202 neque
376 3129 534 3204 dequibus
557 3129 713 3189 adfirment
757 3130 801 3188 Et
828 3130 863 3188 in
886 3130 1005 3189 eedem
1027 3130 1190 3205 epistula
1211 3147 1282 3205 cap.
1305 3129 1387 3188 vul:

262 3213 340 3272 Haec
368 3213 480 3290 loquere
508 3216 537 3273 et
559 3216 713 3273 exhortare.
745 3214 771 3274 si
801 3215 865 3290 qnis
895 3215 977 3274 aliter
1008 3216 1089 3276 docet
1116 3232 1229 3290 usqne
1257 3217 1387 3290 questum
1400 3227 1429 3268 2⁵

364 3395 509 3450 141Tim.
529 3395 554 3462 1,
572 3396 640 3450 5-7
658 3396 814 3462 ote‚2-5

312 3571 326 3623 l
354 3571 407 3632 ent,
426 3567 573 3634 neomeniis
598 3570 645 3627 ent
672 3567 787 3637 sabbeta
813 3568 852 3632 (in
869 3567 911 3622 bis
929 3569 991 3634 om.)
1009 3567 1136 3631 Mese,
1166 3560 1386 3638 ἢνουμηνίαεῆ

260 3656 405 3728 σαββάτων
524 3655 648 3709 numiniis
675 3655 708 3719 S,
743 3655 888 3711 neomeniis
919 3656 945 3708 V
1065 3653 1236 3708 rebbntornnr
1267 3653 1324 3716 Vir,

259 3740 276 3794 3
301 3742 394 3808 «ιρνὸαΔ
415 3757 481 3811 (pree
506 3740 621 3794 uidit-
638 3772 672 3781 -
690 3742 739 3795 lior.
763 3745 798 3794 13
824 3740 990 3804 retentatore
1017 3739 1101 3802 cernis
1128 3755 1177 3796 cm.
1205 3740 1320 3796 nme

259 3827 277 3880 4
302 3843 393 3893 sensns
420 3827 445 3883 S
572 3828 588 3881 6
616 3827 799 3883 coniunctione
828 3827 851 3884 S
979 3826 1011 3879 12
1038 3823 1167 3894 papcendo
1194 3825 1310 3895 scripsi,
1339 3841 1385 3894 pn-

259 3912 384 3969 rendoS
483 3909 1388 3980 1sooroo1tom-stnn-meanas-0-Hoo-snue

259 3998 405 4069 ——ildp
422 4016 473 4063 om,
494 4002 521 4056 V
620 4000 653 4054 14
675 3999 801 4070 l]prime
819 4001 892 4070 Md,
919 4016 969 4057 om.
991 3999 1017 4053 L
1121 3999 1154 4052 15
1178 4000 1205 4053 et
1222 3997 1385 4062 conscientie

258 4083 330 4151 bone
346 4101 396 4154 ooo.
415 4086 505 4153 11110
598 4086 745 4156 quideme
838 4086 871 4140 16
889 4085 1048 4154 excedentes
1061 4085 1134 4142 ML:
1164 4083 1314 4140 excidentes
1332 4083 1383 4148 se

260 4169 411 4230 aberrantes
428 4188 445 4226 o
462 4171 626 4238 (recedentes
643 4176 705 4236 351,
717 4177 746 4240 8)
841 4187 898 4226 esse
917 4189 945 4233 se
964 4171 991 4237 S,
1019 4188 1076 4231 esse
1093 4170 1192 4232 MLOo
1288 4170 1320 4223 17
1338 4185 1386 4244 no(

260 4254 350 4328 (ΜΒ
450 4256 484 4311 18
501 4256 637 4320 demut
654 4258 713 4324 MO
814 4261 931 4316 exortcre
949 4258 1039 4330 SML,
1135 4259 1167 4312 19
1191 4259 1229 4328 et]
1247 4255 1319 4312 eid¹

261 4355 406 4425 mquieoie
422 4360 473 4416 rr:
498 4363 567 4416 sose
583 4361 656 4417 ene
755 4348 797 4418 ni
816 4363 843 4432 (c
860 4377 881 4417 e.
899 4361 1020 4430 neni-s
