3159 4967
657 454 841 524 Speculum
864 488 867 493 -
960 460 974 489 “
1281 457 1322 522 15

187 667 250 714 eos.
289 645 402 729 siquis
426 642 589 709 dormierit
611 662 684 707 cum
697 664 778 709 nuru
794 662 862 723 sue,
885 643 1018 730 uterque
1033 647 1223 727 morientur,
1247 648 1323 732 quie

185 750 292 819 scelus
308 749 428 833 operati
447 747 536 814 sunt:
560 746 688 830 sanguis
705 764 814 813 eorum
828 749 871 813 sit
885 768 980 833 super
994 766 1063 841 eos„
1089 750 1143 833 qui
1158 750 1322 816 dormierit

186 872 259 919 oum
281 852 424 918 masculo
447 851 532 917 coitu
548 850 692 930 femineo,
716 853 849 935 uterque
865 853 1012 936 operatus
1028 854 1077 919 ost
1092 853 1197 934 nefus,
1219 855 1321 921 morte

184 957 374 1025 moriuntur:
397 956 526 1041 sanguis
550 973 659 1021 eorum
689 954 732 1020 sit
753 974 848 1039 super
877 973 940 1022 eos.
985 957 1040 1041 qui
1069 976 1165 1041 supro
1192 975 1322 1023 uxorem

157 1060 287 1127 silium
310 1058 435 1125 duxerit
455 1060 592 1125 matrem
615 1058 693 1137 cius,
717 1056 822 1124 scelus
837 1059 986 1142 operatus
1003 1060 1067 1125 est:
1090 1060 1184 1127 uiuus
1199 1061 1323 1128 ardebit

187 1182 261 1229 cum
285 1163 341 1243 eis,
363 1180 423 1229 nec
444 1162 643 1247 permanebit
662 1162 788 1227 tuntum
810 1160 899 1228 nefus
925 1162 958 1226 in
986 1162 1093 1229 medio
1114 1164 1222 1229 uestri.
1268 1165 1323 1249 qui

187 1286 262 1333 eum
283 1266 424 1333 iumento
449 1267 481 1333 et
502 1284 618 1349 pecore
632 1265 754 1345 coierit,
777 1266 880 1331 morte
893 1265 1062 1332 morietur:
1084 1284 1183 1351 pecus
1198 1287 1323 1352 quoque

188 1371 334 1442 occidite.
379 1368 503 1449 mulier,
541 1389 622 1453 queo
645 1369 849 1436 succubuerit
880 1369 1012 1435 cuilibet
1043 1370 1194 1451 iumento,
1228 1370 1324 1464 simul

186 1475 395 1544 interficietur
417 1492 491 1539 cum
514 1491 569 1538 eo:
601 1472 729 1555 sanguis
759 1490 868 1538 eorum
898 1473 942 1538 sit
962 1491 1058 1557 super
1081 1492 1144 1540 eos.
1190 1474 1244 1559 qui
1267 1493 1323 1540 co-

145 1596 174 1635 1⁰
187 1579 306 1664 ceperit
328 1596 466 1645 sororem
482 1592 584 1655 suem,
606 1576 706 1641 filiam
727 1575 827 1659 putris
849 1576 899 1641 sui
920 1575 975 1641 uol
995 1576 1096 1641 filium
1109 1576 1323 1656 matrissuae,

190 1685 223 1750 et
243 1680 362 1747 uiderit
383 1679 612 1763 turpitudinem
636 1679 713 1759 eius,
736 1678 857 1763 illaque
878 1680 1076 1763 conspexerit
1103 1678 1210 1747 fratris
1230 1680 1324 1764 igno-

187 1788 329 1864 miniam,
352 1782 506 1850 nefarium
526 1802 596 1849 rem
618 1782 740 1867 operati
763 1784 852 1849 eunt:
885 1782 1070 1850 occidentur
1097 1782 1129 1848 iu
1151 1785 1323 1868 conspectu

188 1890 312 1973 populi,
347 1906 383 1953 eo
412 1886 497 1971 quod
524 1884 753 1968 turpitudinem
783 1904 875 1952 suem
902 1885 1012 1951 mutuo
1038 1886 1262 1965 reueluuerint,
1293 1887 1326 1950 et

187 1990 358 2077 portabunt
378 1988 580 2072 iniquitatem
603 2006 703 2054 suam.
748 1988 804 2073 qui
825 1988 936 2055 coierit
958 2007 1031 2053 curn
1044 1988 1178 2055 muliere
1192 1988 1226 2055 iu
1239 1988 1325 2053 iiuru

144 2110 175 2151 1⁶
188 2094 349 2161 menstruo
379 2092 411 2157 et
438 2090 633 2157 reuelauerit
652 2090 882 2175 turpitudinem
905 2089 984 2171 eius,
1011 2093 1144 2176 ipsoque
1168 2092 1327 2175 operuerit

188 2200 307 2265 iontem
329 2196 491 2280 sanguinis
514 2196 573 2275 sui,
595 2194 826 2262 interficientur
849 2197 940 2262 umbo
964 2196 1005 2261 de
1018 2195 1125 2262 medio
1138 2195 1248 2279 populi
1266 2193 1325 2261 sui.

187 2300 416 2386 turpitudinem
438 2300 629 2365 materterae
653 2300 685 2363 et
708 2298 825 2364 amitae
846 2300 997 2365 tuaenou
1019 2298 1241 2383 discooperies.
1272 2308 1327 2382 qui

188 2407 247 2471 boc
269 2403 390 2483 fecerit,
412 2402 617 2487 ignominium
632 2402 736 2467 curnis
751 2420 828 2469 suco
843 2401 992 2469 nudauit:
1014 2402 1185 2486 portebumt
1205 2402 1325 2487 iniqui-

188 2509 289 2573 tatem
313 2525 403 2573 suem
420 2505 521 2571 ambo.
566 2505 619 2588 qui
642 2504 753 2571 coierit
775 2524 848 2569 curn
869 2524 966 2572 uxore
988 2505 1094 2590 patrui
1108 2506 1163 2574 uel
1178 2508 1327 2574 auunculi

146 2630 177 2673 ιο
191 2612 240 2679 sui
274 2613 306 2677 et
337 2609 532 2676 reueleuerit
562 2608 768 2692 ignominium
802 2609 998 2692 cognationis
1031 2629 1123 2691 suae,
1157 2611 1328 2694 portabunt

194 2716 286 2780 embo
308 2714 477 2798 peccatum
501 2732 610 2779 suurn:
635 2712 755 2796 ubsque
772 2712 883 2779 liberis
904 2714 1086 2779 morientm.
1125 2714 1179 2796 qui
1202 2713 1327 2779 duxerit

191 2836 322 2882 uxorem
343 2816 450 2883 fratris
473 2816 532 2896 eui,
560 2834 629 2881 rem
655 2815 734 2881 fecit
761 2816 931 2882 inlicitum:
964 2815 1193 2900 turpitudinem
1219 2814 1327 2882 fratris

191 2920 241 2985 sui
262 2920 434 2985 reueleuit:
459 2922 578 3003 ubsque
594 2919 669 2987 filiis
696 2920 796 2987 erunt.
827 2920 875 2986 iit
897 2920 976 2985 clio
998 2920 1038 2984 in
1058 2918 1163 3016 leuco:
1187 2918 1243 2983 Vir
1258 2918 1327 2985 siue

191 3024 315 3105 mulier,
343 3024 512 3108 inquibus
539 3024 726 3108 pythonicus
755 3024 809 3089 uel
836 3023 1038 3089 diuinationie
1064 3022 1160 3087 fuerit
1187 3022 1326 3105 spiritns,

148 3140 178 3183 ιι
192 3128 294 3192 morte
316 3127 499 3193 moriuntur.
537 3126 698 3209 lapidibus
728 3127 862 3192 obruent
890 3145 961 3191 eos:
995 3126 1125 3208 sanguis
1155 3144 1263 3191 eorum
1286 3126 1328 3191 sit

192 3248 285 3312 super
320 3249 384 3295 eos.
434 3230 617 3313 Itemque
653 3230 733 3294 elio
772 3230 813 3295 in
845 3229 952 3309 loco,
987 3248 1070 3295 curn
1104 3230 1150 3295 de
1179 3248 1326 3295 summo

192 3332 405 3398 secerdote
427 3331 678 3415 loqueretur:
694 3332 868 3416 Virginem,
891 3331 1039 3415 inquit,
1069 3332 1165 3398 ducet
1178 3351 1324 3399 uxorem:

295 3572 330 3625 23
347 3572 410 3627 Leu.
429 3572 471 3637 20,
490 3573 524 3627 27
593 3572 627 3627 27
644 3572 708 3629 Leu.
725 3572 768 3639 21,
788 3573 891 3629 13-15

245 3777 302 3831 lsi
319 3778 385 3849 quis]
403 3779 489 3849 quuS
553 3794 618 3831 nure
635 3778 719 3832 ΜΨ
787 3778 916 3833 morietur
927 3795 963 3833 ao
1032 3780 1215 3833 imonuurur
1232 3778 1260 3835 R

193 3861 402 3919 Stuboubuenr
422 3863 529 3919 MPus
623 3864 654 3918 11
674 3870 848 3934 conspexeras
862 3864 895 3920 0ι
965 3864 1326 3933 2131enelonan(ood.

195 3952 269 4017 Am.)
367 3949 399 4003 17
418 3951 509 4019 turpit.
533 3967 567 4005 ιιι.
586 3967 607 4006 e.
627 3966 650 4005 c.
668 3952 698 4021 t]
723 3968 773 4007 om.
798 3954 893 4021 epotio
910 3968 1004 4007 uacuo
1026 3952 1131 4020 relicto,
1149 3950 1216 4005 odd.
1235 3952 1271 4005 ab
1289 3950 1326 4004 at.

192 4053 227 4089 m.
246 4036 274 4090 P
380 4040 442 4090 mei
466 4038 555 4092 ire&
578 4039 729 4093 amuordue
754 4040 863 4108 (rasi)
886 4037 926 4092 Μ
1031 4037 1187 4106 dnooperrer
1202 4036 1262 4092 MC

194 4120 228 4174 18
245 4118 364 4174 nudetur
383 4122 534 4179 MPORSa
554 4124 623 4193 (cod.
642 4125 717 4191 Am.)
789 4123 823 4177 19
835 4123 913 4178 ernbo
925 4138 1108 4194 rmqurrcrem
1119 4128 1191 4177 tuum
1204 4122 1259 4178 Sco

192 4206 497 4266 comederemus
561 4225 590 4263 ιι
608 4210 660 4265 ιιιο
675 4211 751 4275 crea,
772 4196 885 4267 euo'c
950 4201 1121 4282 eramus
1185 4215 1333 4281 pyreneos

193 4293 287 4358 M¹P¹,
309 4294 511 4362 phrromourR,
529 4295 692 4366 phyromour
700 4296 776 4352 P⁸Sc
845 4296 879 4350 25
897 4297 941 4366 sit]
954 4312 1005 4351 om.
1017 4298 1050 4361 P,
1069 4295 1162 4351 ean
1227 4295 1260 4349 26
1273 4295 1327 4363 eos]

193 4376 256 4434 ullos
271 4378 367 4433 P²0oo
437 4379 524 4435 rreS
589 4396 618 4434 ιιι
636 4381 690 4435 ειΙιο
709 4381 748 4437 Oa
