3159 4967
329 425 393 491 676
554 424 601 479 Dc
619 423 744 477 diuinis
763 424 946 493 scripturis
963 425 1034 477 sinc
1053 423 1235 493 Speculum.
1415 434 1421 443 ·

329 610 544 677 similitudinis
571 612 603 675 et
632 630 747 677 corona
780 611 913 689 deceris,
948 614 981 676 st
1011 612 1045 677 in
1079 610 1202 676 deliciis
1233 609 1375 693 paradisi
1402 608 1446 675 dci

329 712 425 778 bristi.
465 733 536 779 cum
566 714 716 779 cherubin
739 713 830 795 posui
852 714 885 777 te
906 713 939 776 in
961 713 1068 777 mente
1090 714 1201 777 sancte
1223 712 1287 777 dei.
1327 714 1361 776 et
1378 730 1446 793 pec·

329 818 409 881 casti
432 816 465 881 et
485 816 670 882 uulneratus
694 834 728 881 cs
752 836 770 880 a
792 818 899 881 mente
922 815 1048 881 demini.
1078 816 1228 897 corrupta
1248 813 1447 880 esttecum

328 920 385 983 hie
413 938 485 983 curn
517 919 639 984 decere.
677 920 804 1003 propter
832 918 1068 985 multitudinem
1097 921 1304 1003 peccaterum
1333 920 1446 982 hrernn

329 1024 359 1087 in
393 1024 510 1089 terram
543 1026 575 1088 te
608 1023 736 1105 proieci,
770 1024 803 1087 in
834 1025 1006 1105 conspectu
1034 1041 1147 1105 regum
1178 1022 1310 1087 dedite
1336 1022 1368 1085 in
1387 1022 1474 1085 uss

330 1126 509 1191 ductionem
531 1127 658 1209 prepter
684 1126 919 1191 multitudinem
940 1128 1145 1209 peccaterum
1166 1128 1308 1193 tenerum
1345 1126 1384 1189 ht
1404 1123 1445 1185 di·

328 1228 419 1293 xisti:
447 1228 526 1295 deus
549 1248 628 1305 sum,
652 1248 710 1313 ege
732 1230 959 1295 habitationem
982 1229 1034 1294 dei
1057 1230 1207 1295 hahitnni.

787 1414 1000 1501 CXXVIIII.

686 1598 728 1639 DE
754 1597 973 1639 SIMILITVDINE
994 1596 1097 1639 mvn.

373 1694 413 1757 ln
436 1692 585 1775 psalmo
608 1692 716 1757 XVll:
750 1694 847 1770 Deus,
883 1694 937 1776 qui
958 1694 1133 1776 praecinxit
1156 1712 1208 1759 me
1238 1695 1400 1765 numum,
1420 1694 1472 1754 ee

328 1796 434 1879 posuit
464 1794 690 1859 inmaculatam
722 1795 809 1859 uiam
840 1814 955 1874 meam,
990 1796 1044 1879 qui
1077 1796 1210 1880 perfecit
1240 1795 1342 1880 pedes
1369 1814 1443 1860 mces

328 1902 491 1980 tamquam
513 1898 609 1975 cerui,
626 1896 659 1961 et
674 1916 766 1980 super
789 1898 915 1963 excelsa
937 1900 1050 1964 statuit
1069 1918 1131 1964 me.
1169 1901 1270 1965 Item
1291 1899 1331 1964 in
1352 1897 1443 1983 psal·

328 2018 385 2064 mo
418 1998 505 2065 XLI:
539 1997 629 2063 Sicut
661 2017 773 2064 cernue
808 1999 970 2065 desiderat
1003 2000 1045 2065 ad
1077 2002 1179 2066 fentm
1213 2020 1377 2085 aquenum,
1406 2000 1442 2064 ita

329 2100 490 2165 desiderat
520 2100 624 2165 anima
647 2120 717 2165 mea
740 2101 781 2166 ad
801 2102 845 2179 te,
877 2102 965 2168 deus.
1011 2105 1108 2169 Item
1140 2104 1178 2169 in
1211 2104 1441 2187 prouerbiis:

329 2205 450 2269 Ceruus
481 2204 639 2269 amicitiae
670 2206 702 2269 et
730 2204 836 2288 pullus
865 2207 1039 2289 gratiarum
1066 2207 1191 2272 tuamm
1215 2208 1441 2273 confabulentur
1450 2223 1468 2263 ιε

327 2308 443 2372 tecum.
488 2306 585 2372 ltem
614 2310 651 2373 iu
675 2308 851 2373 canticis
873 2311 1135 2376 canticorum:
1169 2312 1252 2377 llcce
1288 2311 1341 2377 hic
1369 2309 1441 2373 neuit

329 2410 445 2477 saliens
480 2430 573 2494 super
605 2412 728 2477 montes
762 2414 794 2477 et
828 2412 958 2479 exiliens
991 2434 1086 2498 snper
1117 2414 1224 2481 celles.
1263 2414 1376 2481 similis
1402 2412 1441 2475 est

328 2514 426 2581 frater
455 2532 545 2579 meus
575 2534 689 2579 cernae
718 2514 771 2579 uel
797 2515 926 2580 hinnulo
948 2535 1113 2582 ccmerum
1135 2536 1229 2601 super
1251 2518 1375 2584 mentes
1394 2533 1439 2579 sn·

276 2727 298 2771 a
372 2709 511 2769 cxxfln.
535 2730 576 2769 nn
598 2728 817 2770 srurnnrvnrun
839 2728 941 2771 cnuvr.
963 2710 1003 2769 In
1024 2710 1162 2785 psalmo
1179 2710 1273 2772 xvn:
1296 2712 1381 2778 Dens,
1401 2704 1438 2780 uui

329 2795 486 2869 praecinxit
507 2812 551 2855 me
572 2796 716 2865 uirtutem,
740 2798 768 2854 et
788 2795 893 2869 posuit.
930 2797 970 2854 Iu
992 2797 1070 2856 XLI:
1094 2796 1173 2856 Sicut
1187 2813 1291 2857 ceruus
1306 2795 1466 2855 deuterus

327 2880 368 2939 In
391 2881 598 2956 prenerhiie
621 2897 693 2955 cap.
793 2900 801 2937 ε
831 2880 937 2941 cernue
959 2882 1098 2941 amititiae
1127 2884 1156 2942 et
1175 2882 1272 2957 nullus
1301 2881 1438 2957 gutum

328 2966 488 3025 fabulentur
510 2968 611 3025 tecum.
654 2966 693 3025 ln
715 2968 860 3025 cantica
881 2968 1101 3027 canticorum
1122 2984 1197 3042 cap.
1286 2964 1439 3027 :Eceehic

273 3156 298 3215 μ
369 3136 493 3197 cxxffl.
516 3158 557 3199 nn
580 3158 799 3200 enmnnrvnrun
821 3158 924 3201 canvr.
951 3140 990 3199 Iu
1014 3138 1152 3214 psalmo
1173 3140 1266 3199 XVII:
1296 3134 1435 3210 Densum
1517 3157 1518 3190 t

328 3222 453 3297 accingit
474 3240 518 3281 me
540 3224 703 3285 tortitudine
732 3242 847 3299 usque
876 3228 906 3283 et
927 3242 1012 3300 snper
1032 3227 1145 3285 excelsa
1166 3230 1298 3286 stateem
1318 3244 1369 3285 me.
1405 3221 1436 3279 ln

326 3308 464 3385 psalmo
487 3310 550 3368 XL:
574 3310 653 3369 Sient
675 3326 775 3369 cernue
798 3310 940 3370 desiderat
958 3312 995 3370 nd
1015 3312 1109 3371 fontes
1131 3329 1277 3386 aunuum.
1321 3312 1358 3370 ln
1376 3319 1464 3383 pree

326 3394 471 3455 uerbiis
494 3412 568 3470 cap.
591 3396 644 3456 Vl:
679 3396 768 3455 Cerne
797 3397 947 3455 carissima
967 3400 996 3456 et
1017 3399 1200 3471 gratissimus
1221 3398 1346 3466 hinulus‚
1365 3396 1437 3453 uben
1516 3459 1517 3474 ἶ

326 3482 387 3541 eins
421 3481 579 3540 inesbrieut
611 3484 638 3541 te
672 3482 746 3541 omni
777 3484 911 3557 ternpore.
955 3484 996 3541 lu
1019 3486 1109 3542 caut.
1133 3484 1355 3543 canticorum
1375 3494 1435 3550 cap.
1516 3479 1517 3558 i

414 3586 421 3623 z
443 3566 515 3625 Ecce
539 3568 592 3626 iste
614 3568 695 3626 uenit
717 3566 823 3627 saliens
845 3568 876 3627 iu
890 3570 1042 3640 mentibus,
1057 3569 1220 3629 transiliens
1237 3570 1323 3629 celles
1342 3578 1438 3638 nsque

428 3748 598 3817 enices
685 3748 973 3814 reuirescens
1059 3750 1238 3815 reusam
1325 3746 1435 3803 semu
1515 3723 1516 3738 ²

326 3834 404 3899 e‚1s
509 3834 795 3901 nccnnuees

378 4004 547 4060 ldcdcccrie
565 4004 639 4061 ΜΨ
736 4005 958 4077 paradysiacae
1054 4006 1231 4061 dchcrnbhin
1250 4008 1294 4071 u,
1320 4000 1433 4062 mantin
1514 4035 1515 4050 κ

325 4094 352 4147 L
456 4090 618 4145 idedecere
637 4091 730 4155 MLC,
757 4091 854 4147 dedere
874 4094 900 4147 V
1001 4093 1033 4146 10
1050 4093 1149 4147 uirtute
1167 4092 1218 4147 Lo
1320 4094 1347 4145 ll
1365 4089 1433 4141 uitam

330 4180 354 4231 V
443 4178 547 4247 perfidi
565 4178 627 4233 MV
719 4176 751 4231 13
769 4176 903 4233 desiderat
920 4194 1011 4233 ceruus
1029 4178 1160 4234 MVLOc
1254 4181 1287 4235 16
1303 4180 1332 4233 in
1346 4172 1436 4231 sucht*

326 4264 415 4318 MVL
517 4262 550 4317 18
571 4278 647 4319 cerno
667 4264 713 4317 ant
731 4264 848 4319 MVLO
943 4264 1033 4321 innulc
1052 4265 1101 4321 SL
1197 4280 1316 4321 sucorum
1332 4263 1363 4319 S:
1386 4272 1432 4311 w
1513 4297 1514 4312 2

324 4350 425 4402 matum
446 4348 561 4404 MVLG
