3159 4967
283 410 349 476 632
510 410 558 465 De
576 409 702 465 diuinis
720 411 905 481 seripturis
923 412 992 465 siue
1008 412 1191 482 Speculum

282 598 315 663 in
337 599 445 664 nestro
466 599 593 664 mortali
615 616 755 681 corpore,
778 599 816 663 nt
837 598 1016 665 obaudiatis
1038 599 1078 664 ei.
1116 600 1175 665 sed
1199 618 1303 684 neque
1327 600 1425 666 exili-

282 700 388 766 beatie
408 702 553 767 membra
574 702 683 767 nestra
705 720 795 767 arma
814 701 991 785 iniquitatis
1015 703 1160 785 peceato,
1190 704 1248 767 sed
1271 705 1424 769 exhibete

282 822 342 869 uos
365 804 424 870 deo
445 806 609 888 tamqnam
633 822 670 868 ex
692 804 826 869 mortuis
838 804 986 870 uiuentes
1001 806 1035 870 et
1046 807 1192 871 membra
1205 808 1315 872 news
1329 826 1426 872 arma

282 906 424 972 institiae
457 906 527 973 deo.
571 908 674 974 Item
708 909 755 974 ad
788 908 1015 975 eorinthios
1048 910 1097 973 11:
1134 911 1172 974 In
1204 928 1299 975 earne
1334 912 1427 975 enim

284 1010 485 1077 ambulantes
513 1030 574 1077 non
602 1012 776 1077 seeundum
807 1028 934 1079 earnem
960 1011 1199 1078 militamus-
1222 1032 1312 1077 arma
1334 1014 1424 1078 enim
1450 1040 1465 1077 s

281 1113 418 1181 militiae
439 1114 565 1181 nostrae
588 1134 648 1181 non
671 1116 822 1191 earuslia
850 1116 907 1182 sed
929 1116 1072 1199 potentia
1094 1115 1154 1181 deo
1178 1116 1220 1181 ad
1242 1117 1423 1182 desti-nefi-

284 1234 376 1283 ouem
408 1217 616 1285 munitionum
639 1256 692 1298 -‚
716 1220 850 1285 consilia
883 1219 1083 1285 destruentes
1106 1220 1139 1285 et
1172 1239 1296 1286 omnem
1329 1222 1423 1286 exal-

282 1320 436 1386 tationem
467 1320 668 1387 extollentem
691 1340 726 1386 se
749 1321 904 1386 aduersus
926 1322 1093 1387 seientiam
1122 1322 1186 1400 dei,
1215 1324 1247 1388 in
1277 1325 1422 1407 eaptini·

282 1424 383 1489 tatem
412 1423 594 1507 redigentes
624 1441 747 1490 omnem
775 1424 1011 1507 cogitationem.
1040 1426 1073 1490 in
1096 1427 1283 1509 obsequium
1306 1428 1423 1493 christi

282 1526 500 1609 perducentes.
546 1527 647 1593 Item
677 1527 725 1592 ad
752 1526 953 1610 ephesios:
982 1529 1030 1593 De
1060 1529 1167 1594 cetero
1196 1528 1423 1595 confortamini
1435 1555 1463 1593 ιο

281 1630 313 1695 in
338 1629 464 1696 domino
489 1630 521 1696 st
542 1629 574 1697 in
596 1630 755 1713 potestate
769 1630 898 1695 uirtutis
922 1631 999 1695 eins.
1029 1630 1152 1696 induite
1168 1650 1227 1698 uos
1241 1650 1333 1697 sema
1354 1632 1421 1707 dei,

281 1736 318 1797 ut
347 1735 476 1817 possitis
503 1733 652 1801 resistere
682 1733 838 1801 aduersus
866 1734 997 1800 insidias
1021 1732 1155 1800 diaboli:
1183 1735 1334 1818 qnoniam
1355 1754 1421 1801 non

281 1838 333 1903 est
354 1837 446 1903 nobie
468 1837 660 1903 eonluotatio
684 1837 839 1903 aduersus
861 1856 989 1903 earnem
1005 1838 1037 1902 et
1051 1837 1249 1921 sanguinem,
1273 1837 1333 1903 sed
1356 1838 1420 1903 ad-

281 1959 393 2005 uersus
415 1940 600 2023 potestates,
624 1939 777 2035 adnotans
800 1940 894 2006 huius
915 1940 1026 2006 mnndi
1050 1942 1192 2006 restores
1212 1941 1420 2007 tenebrarum

281 2044 404 2121 harum,
429 2042 583 2109 aduersus
605 2042 761 2127 spiritalis
782 2041 942 2126 nequitiae
964 2043 997 2107 in
1016 2043 1218 2109 caelestibus.
1247 2045 1421 2127 propterea
1434 2069 1460 2107 ιε

280 2145 403 2213 induite
426 2164 484 2213 uos
507 2165 595 2213 arma
616 2146 678 2227 dei,
702 2146 737 2211 nt
759 2146 888 2231 possitis
909 2146 1058 2213 resistere
1080 2147 1113 2212 in
1135 2146 1188 2213 die
1209 2147 1304 2227 malo,
1329 2150 1421 2215 etin

281 2249 426 2315 omnibus
454 2248 586 2331 perieoti
618 2250 729 2325 estote,
759 2250 934 2332 praecineti
962 2250 1088 2317 lumbos
1115 2250 1241 2317 uentos
1260 2252 1294 2315 in
1326 2252 1419 2316 ueri-

279 2351 348 2417 tate
371 2352 404 2417 tt
423 2351 528 2418 induti
547 2352 681 2419 loricam
701 2353 845 2419 institiae
875 2354 908 2419 et
935 2354 1064 2419 oaloiati
1091 2354 1191 2437 pedes
1218 2355 1251 2419 in
1276 2374 1420 2439 praepu-

280 2458 402 2523 tatione
426 2456 583 2541 euangelii
604 2456 704 2541 pacis,
731 2457 763 2522 in
787 2458 932 2523 omnibus
953 2457 1156 2523 adsumentes
1178 2458 1305 2522 sentum
1327 2457 1419 2532 fidei,

280 2651 392 2711 mortali
426 2666 548 2726 corpore.
593 2648 644 2711 dd
666 2648 930 2711 corinthiosII
957 2667 1029 2726 eap.
1119 2670 1126 2709 :
1158 2650 1195 2711 In
1225 2668 1308 2711 earne
1340 2652 1460 2710 enimn
1561 2679 1562 2686 κ

280 2736 458 2797 ambulantos
491 2753 548 2796 non
580 2734 734 2797 seeundum
767 2753 879 2796 samem
910 2736 1067 2796 militamus
1099 2753 1214 2812 neque
1247 2738 1419 2811 obsequium
1561 2739 1562 2742 ’

280 2822 381 2883 christi
414 2822 574 2899 perducere.
618 2822 668 2881 Ad
697 2822 834 2882 efesios
863 2838 936 2897 sap.
960 2824 1056 2882 XXX:
1088 2822 1132 2882 De
1165 2825 1265 2893 eetero,
1299 2822 1419 2892 uam,

279 2908 477 2968 eoniortumini
499 2909 529 2967 iu
552 2906 664 2967 domino
686 2911 715 2967 et
736 2908 766 2967 in
787 2908 916 2985 potentia
936 2909 1052 2968 uirtutis
1067 2908 1129 2967 eius
1151 2925 1263 2983 usque
1285 2908 1315 2967 in
1338 2910 1419 2968 omni

226 3108 249 3165 μ
280 3097 393 3155 corpore
416 3098 530 3155 usque
552 3082 581 3139 et
602 3080 728 3139 membre
750 3082 847 3140 uestra
869 3096 948 3140 arma
968 3079 1097 3139 iustitiae
1120 3077 1178 3139 deo.
1223 3080 1277 3140 ld
1298 3084 1417 3141 eorin-

278 3167 378 3226 thios
399 3166 429 3225 Π
451 3182 525 3243 eap.
548 3166 603 3225 XI:
633 3166 667 3224 In
690 3183 773 3225 earne
796 3166 871 3225 onim
893 3166 1070 3226 ambulantos
1092 3182 1207 3240 usque
1236 3184 1348 3227 omnem
1369 3170 1415 3227 in-
1430 3186 1459 3226 as

278 3252 418 3313 tellectum
457 3251 487 3313 in
523 3252 690 3326 obsequium
725 3252 827 3311 christi
862 3254 891 3311 et
927 3253 957 3310 in
993 3254 1126 3327 promptu
1159 3253 1306 3312 habentes.
1363 3254 1418 3312 Ad

278 3338 450 3414 ephesios
474 3355 547 3413 cap.
571 3336 654 3397 vm:
683 3338 726 3397 De
749 3340 851 3407 cetero,
881 3337 993 3407 iratres,
1020 3338 1218 3397 eonfortemini
1246 3339 1276 3397 in
1298 3338 1417 3398 domino

277 3428 307 3484 et
327 3425 359 3485 in
379 3424 507 3499 potentia
527 3424 644 3484 uirtutis
667 3423 728 3484 eins
750 3440 864 3497 nsque
886 3424 1043 3497 uigilantes
1073 3423 1102 3483 in
1125 3424 1201 3485 omni
1222 3426 1364 3484 instantia
1384 3427 1417 3483 at

381 3588 517 3645 411001.
537 3588 578 3652 10,
597 3589 666 3644 e-5
769 3588 804 3642 10
820 3588 916 3659 Ephes.
934 3590 960 3657 6,
979 3588 1081 3643 10-18

330 3744 344 3799 1
369 3709 497 3800 eleseu
522 3744 545 3800 s
645 3744 772 3799 ensesue
791 3750 819 3799 a
839 3742 943 3798 exstes
966 3742 1015 3799 vn
1118 3743 1314 3799 enum-n
1331 3761 1414 3799 eme

274 3834 385 3897 -633,
405 3835 422 3886 5
439 3832 539 3887 sanetis
557 3848 607 3886 om.
630 3832 657 3885 V
751 3830 1029 3885 6distrnotionem8
1122 3829 1310 3886 destruendam
1325 3832 1415 3885 mnni-

275 3919 376 3973 tionem
400 3918 423 3973 Ο
524 3920 540 3972 7
568 3918 730 3973 distrueutes
757 3916 781 3973 S
881 3917 1069 3971 multationem
1093 3916 1126 3972 S:
1155 3916 1324 3971 altitudinem
1346 3918 1414 3973 HL

277 4006 315 4061 Oe
409 4005 481 4075 8es]
500 4004 589 4061 sedS
681 4003 714 4058 lo
731 4004 828 4073 eiesios
846 4003 880 4067 S,
912 4001 1016 4057 edesion
1034 4002 1061 4056 L
1149 4002 1181 4057 11
1203 4004 1326 4072 potentia
1343 4006 1412 4071 (am

275 4092 313 4159 L)
331 4092 436 4147 Mnov
527 4092 561 4145 12
578 4090 721 4146 distulis
804 4090 928 4159 quonism
947 4089 997 4143 So:
1027 4088 1089 4157 qnia
1107 4088 1192 4144 ΠΕΟ
1280 4088 1414 4144 13ηὼὶο

276 4178 300 4233 O
393 4178 424 4232 17
444 4179 531 4232 estote
550 4176 582 4231 S:
609 4179 688 4231 stare.
712 4178 800 4230 estote
817 4175 910 4242 Mic,
937 4174 1041 4242 στῆναι.
1059 4174 1139 4242 στῆτε
1155 4170 1214 4242 odo,
1239 4176 1321 4229 stane.
1338 4178 1415 4231 state

275 4278 371 4332 ergoo
450 4262 503 4318 Δ18
518 4262 622 4317 induite
649 4264 675 4317 L
769 4262 953 4332 pperatn'oneni
970 4260 1009 4315 Μ
1105 4261 1138 4315 19
1154 4261 1347 4331 euuangeh'iS

273 4352 439 4405 assumentes
456 4350 543 4405 Meo
