3159 4967
275 433 340 500 522
496 431 544 484 Dc
560 430 688 484 diuinis
705 431 885 500 scripturis
903 431 975 484 aine
995 429 1179 499 Speculum

276 625 352 688 tuns
380 622 573 688 insanabilis.
618 623 717 686 Item
746 621 855 686 illie:
885 620 963 702 Quis
993 621 1082 686 dabit
1111 621 1156 686 ori
1179 640 1251 686 meo
1272 639 1404 684 conser-

276 727 435 791 uationem
466 726 499 790 et
527 744 622 808 snper
641 726 729 792 labia
749 745 823 790 mea
844 725 1041 808 signaculum
1064 727 1196 802 contum
1226 741 1266 788 ne
1288 723 1403 788 oudam

278 831 318 894 ab
348 829 412 895 illis
433 830 468 894 et
493 830 604 912 lingua
625 847 697 892 mea
716 828 831 910 perdet
851 827 924 892 mo?
957 827 1037 892 deus
1058 829 1148 910 pater
1170 827 1204 891 et
1226 826 1404 890 dominator

278 933 363 998 uitae
384 951 485 1011 meae,
508 949 548 997 ne
570 932 770 1015 derelinquas
790 951 843 996 me
859 931 973 996 cadere
994 931 1027 995 in
1048 930 1129 995 illis:
1152 949 1191 995 ne
1215 929 1404 994 adcrescunt

276 1035 473 1118 ignorantiae
493 1053 594 1103 meae.
618 1035 651 1099 ct
674 1034 893 1117 adprehendat
920 1035 951 1098 in
978 1035 1149 1116 conspectu
1163 1033 1403 1110 eonnniornm,
1435 1061 1451 1101 s

277 1139 312 1203 et
331 1139 471 1222 gaudeat
492 1139 638 1204 inimicus
659 1155 759 1202 mens.
804 1137 904 1202 item
926 1137 1030 1202 illie:
1058 1135 1318 1220 indisciplinosae
1340 1150 1402 1200 nou

277 1242 448 1308 adsuesces
471 1262 506 1308 os
526 1243 627 1319 uuum,
657 1243 707 1306 est
729 1241 811 1306 enim
834 1241 865 1304 in
893 1241 950 1304 ille
971 1242 1102 1306 uerbum
1124 1241 1256 1325 peccati
1302 1240 1403 1304 item

274 1346 313 1411 in
337 1346 599 1412 ecclesiaste:
621 1345 693 1410 Noli
717 1345 864 1410 festinare
887 1346 918 1410 in
941 1363 995 1410 oro
1016 1346 1082 1424 tuo,
1106 1344 1139 1408 et
1152 1361 1206 1408 cor
1227 1343 1317 1406 tuum
1340 1359 1403 1406 non

276 1448 445 1526 adceleret,
467 1449 505 1513 ut
526 1449 665 1532 proferas
686 1449 818 1512 uerbum
842 1448 914 1512 ante
936 1445 1050 1512 faciem
1073 1447 1139 1512 dei:
1169 1447 1246 1530 quia
1267 1445 1347 1510 dens
1368 1445 1404 1508 in

274 1553 366 1618 coelo
394 1555 444 1618 est
474 1552 507 1617 et
532 1553 567 1616 tu
601 1553 633 1616 in
662 1553 765 1615 terra:
798 1552 963 1634 propterea
991 1569 1094 1634 peuce
1124 1549 1188 1615 sint
1214 1551 1312 1614 uerba
1332 1549 1402 1612 tua
1418 1572 1447 1614 ιο

275 1654 377 1720 Item
399 1655 505 1720 illic:
535 1654 608 1720 Noli
630 1654 706 1719 dure
729 1673 764 1720 os
784 1656 885 1732 tuum,
916 1656 952 1720 nt
973 1657 1086 1738 peccet
1106 1671 1180 1719 caro
1201 1655 1274 1718 tun:
1305 1653 1339 1718 et
1360 1671 1403 1719 ne

275 1759 364 1824 dices
394 1760 467 1824 ante
496 1759 609 1823 faciem
635 1757 685 1823 dei
713 1759 788 1841 quia
815 1758 992 1841 ignorantis
1014 1759 1073 1836 est,
1103 1759 1221 1823 utnon
1243 1757 1404 1822 nucem

275 1860 420 1926 dominus
452 1862 484 1926 in
517 1860 623 1927 uerbis
653 1862 729 1941 tuis,
762 1862 798 1926 ut
826 1861 939 1944 perdat
967 1879 1062 1944 opere
1087 1880 1238 1926 manuum
1261 1875 1401 1924 marum.

275 1957 376 2028 Item
397 1965 436 2029 in
457 1965 537 2030 iob:
567 1965 609 2030 lit
629 1964 701 2030 ideo
725 1983 744 2030 a
765 1964 958 2048 nequissime
986 1965 1097 2048 lingua
1119 1960 1277 2030 absconde
1299 1963 1342 2040 te,
1367 1963 1402 2026 ct

224 2204 246 2245 α
376 2173 484 2245 :Quis
505 2173 586 2233 dabit
607 2174 649 2232 ori
669 2191 714 2232 me
735 2175 985 2233 conuersationem.
1028 2175 1117 2235 Item
1141 2191 1215 2249 cap.
1318 2173 1440 2234 :ln-1⁵

275 2259 441 2335 disciplinos
463 2260 538 2318 euim
559 2277 615 2318 nou
637 2261 805 2334 inquiescat.
849 2260 937 2320 Item
960 2277 1032 2336 cap.
1136 2279 1143 2317 ε
1170 2260 1236 2320 Noli
1265 2259 1401 2318 festinare

274 2347 304 2406 in
327 2363 374 2406 oro
394 2347 453 2404 tuo.
497 2347 584 2404 Item
607 2363 679 2420 cup.
782 2346 881 2406 :Noli
903 2346 969 2406 dare
991 2349 1134 2416 ostuum,
1156 2347 1315 2421 utpeecet.
1358 2345 1401 2404 In

273 2435 330 2493 iob
354 2448 427 2506 cup.
451 2431 550 2491 vnn:
572 2433 597 2490 Δ
618 2431 732 2506 flagello
753 2430 868 2504 linguae
891 2431 1081 2492 absconderis.
1118 2433 1206 2492 Item
1228 2449 1301 2507 cap.
1392 2451 1399 2488 :

222 2668 246 2727 μ
273 2657 388 2714 usque
421 2639 590 2700 insanabilis
622 2639 652 2696 in
684 2639 810 2698 mortem.
854 2637 946 2696 Item
969 2655 1042 2713 cap.
1065 2639 1120 2698 XI:
1154 2639 1226 2710 Quis
1253 2638 1333 2698 dabit
1358 2639 1400 2696 ori

272 2741 334 2785 meo
363 2725 521 2785 custodiam
549 2727 579 2783 et
608 2740 693 2799 super
719 2724 795 2782 labia
822 2741 884 2784 mea
906 2723 1085 2798 signaculum
1107 2727 1213 2783 certum
1235 2741 1350 2798 usqne
1372 2725 1441 2783 etse

274 2811 398 2886 gaudeat
425 2811 558 2870 inimicus
585 2826 675 2870 mens.
718 2810 808 2867 Item
831 2828 905 2885 cap.
928 2809 997 2870 XII:
1026 2810 1242 2886 Iudiseiplinose
1271 2825 1328 2869 non
1350 2810 1399 2868 ad·

273 2897 402 2970 quiescat
423 2913 455 2956 os
477 2899 566 2966 tunm,
589 2897 634 2954 est
655 2895 730 2954 euim
751 2895 781 2952 in
803 2895 854 2954 illa
874 2895 990 2956 uerbum
1017 2897 1136 2972 peccati.
1181 2895 1221 2955 ln
1248 2895 1399 2955 ecclesi-

274 2985 356 3042 aste
379 2998 452 3057 esp.
475 2983 515 3042 V:
537 2983 597 3041 Nec
617 2985 720 3040 umere
742 2981 811 3054 quid
832 2981 957 3054 loquaris
979 2999 1089 3056 nsque
1110 2981 1214 3042 ideirco
1237 2981 1295 3041 sint
1317 2981 1400 3056 pauci

273 3082 415 3126 sermones
447 3067 498 3124 tui.
543 3067 632 3126 Item
665 3067 702 3125 in
731 3066 956 3126 ecclesiaste
979 3084 1051 3142 cap.
1074 3069 1114 3128 V:
1147 3069 1191 3126 Ne
1224 3067 1333 3126 dederis
1367 3084 1399 3127 os

271 3153 360 3221 mum,
382 3155 416 3211 ut
436 3167 551 3226 peccare
572 3153 662 3211 iacias
686 3167 798 3210 carnem
820 3155 899 3211 tuam
919 3168 1031 3226 usqne
1054 3152 1175 3228 dissipet
1193 3155 1294 3212 cuncte
1316 3167 1400 3228 opera
1413 3171 1441 3213 se

271 3250 404 3296 manuum
426 3240 548 3296 tuarum.
591 3238 631 3297 lu
653 3237 711 3296 iob
733 3253 806 3312 cap.
829 3238 926 3298 VIIII:
960 3237 1119 3312 dilegello
1140 3237 1256 3312 linguae
1280 3240 1398 3299 abscon·

374 3419 388 3473 l
406 3419 486 3474 Eccl'n
503 3419 591 3486 aaut
603 3416 787 3490 (mctldceli.
806 3417 848 3484 28,
863 3419 876 3473 l
891 3419 947 3473 etd
1035 3417 1148 3475 dEocl'u
1166 3419 1209 3484 28,
1229 3419 1262 3475 13
1274 3421 1330 3492 (17)

271 3503 390 3561 dilccle.
408 3506 433 3570 5,
453 3505 467 3559 l
572 3505 602 3558 ll
622 3506 658 3562 sn.
676 3507 693 3559 5
797 3507 829 3560 ll
846 3505 901 3560 Iob.
920 3505 944 3572 5,
963 3503 996 3558 sl
1016 3507 1044 3560 et
1059 3503 1094 3559 22

324 3678 338 3731 1
356 3677 522 3746 insanabilis]
540 3677 607 3731 odd.
625 3676 749 3731 lumerto
767 3675 863 3744 MLO,
890 3677 919 3730 in
936 3679 1081 3731 mommo
1148 3677 1228 3732 2nec
1241 3673 1398 3734 adamabilil

270 3763 352 3830 (corr.
376 3764 412 3818 ol.
431 3780 466 3818 ιιι.
484 3762 525 3816 uti
547 3777 582 3816 ne
605 3761 698 3816 cadam
720 3761 754 3816 ub
771 3761 848 3831 ipsis)
872 3763 910 3816 M
1009 3764 1126 3832 spese
1142 3787 1211 3816 m
1228 3766 1256 3818 et
1278 3764 1399 3819 domllltt

271 3849 311 3906 1
392 3849 717 3918 dominotorffloroeom
728 3865 761 3904 m.
774 3851 803 3917 1)
824 3848 847 3902 S
934 3849 951 3900 5
970 3850 1094 3920 oppuneln·
1112 3849 1177 3919 dm,
1201 3841 1400 3920 eupruehmlm

272 3937 296 3992 S
394 3936 481 3990 dubl
503 3948 582 4006 snpra
604 3933 694 3990 Mus
793 3934 1006 4004 indisciplinosae
1030 3936 1089 3991 SM
1104 3939 1137 4006 (e.
1156 3935 1204 3992 list.
1224 3930 1292 3992 cdd.
1309 3935 1399 4007 meus

269 4022 314 4076 uel
330 4023 433 4092 loquele
451 4023 487 4077 oi.
506 4026 539 4077 sic.
557 4023 591 4076 in
608 4021 664 4091 ll),
692 4019 889 4091 indisciplinose
906 4022 960 4077 130
977 4023 1047 4092 (cod.
1065 4023 1170 4077 Amici.
1189 4025 1217 4077 ot
1236 4018 1342 4094 luno),
1358 4023 1397 4090 tf.

270 4109 358 4164 neec.
376 4111 421 4176 ee,
440 4113 476 4164 15
577 4107 806 4162 omnem&
836 4107 1093 4178 aequauisse
1194 4107 1327 4179 scens
1358 4117 1401 4164 ee-

270 4193 411 4248 clesiasten
429 4199 472 4260 (en
489 4196 521 4248 io
537 4205 645 4250 resero
662 4210 695 4249 ιιι.
715 4197 742 4261 1)
760 4194 799 4249 Μ
898 4195 914 4248 9
933 4194 1064 4264 adceleret
1082 4195 1110 4261 θ’,
1140 4193 1222 4250 moel-
1239 4186 1332 4250 slus

271 4279 302 4333 ιι
327 4278 372 4334 uni
396 4293 473 4350 supr·
496 4279 587 4337 nnnc
686 4277 719 4334 13
739 4277 893 4334 mouns
990 4279 1139 4337 eudemo
1240 4278 1274 4332 ιι
1295 4273 1400 4352 impla

270 4365 375 4432 om.)L
475 4365 622 4421 tedlLO:
649 4363 744 4420 ones
