3159 4967
426 434 473 493 De
490 434 616 490 diuinis
633 434 816 505 scripturis
833 437 905 492 siue
927 436 1108 507 Speculum.
1264 434 1329 503 389

207 625 329 708 patrem
358 642 449 691 snum
473 625 506 689 et
526 622 653 707 repellit
678 623 814 689 matrem
837 642 926 689 suam
947 623 1042 702 filins,
1065 622 1273 689 contundetur
1296 623 1329 690 et

206 727 239 791 iu
261 726 433 809 opprobriis
466 725 534 791 erit
578 724 672 805 filius,
706 726 760 811 qni
788 726 905 792 omittit
937 724 1095 793 custodire
1130 724 1327 811 disciplinam

206 829 315 912 patrIs,
352 828 556 894 meditabitur
592 829 719 912 eloquia
754 828 906 895 malitiae.
950 830 1051 895 Item
1081 827 1186 894 illic:
1223 825 1326 895 liuto·

207 930 341 998 dicentis
367 932 450 1014 patri
479 931 534 997 aut
562 933 657 997 matri
687 932 886 1016 extinguetur
912 934 1029 1012 lumen,
1057 930 1194 1016 pupillae
1221 932 1327 996 cutem

179 1034 369 1100 soculorum
392 1036 459 1099 eius
481 1033 634 1099 uidebunt
654 1034 812 1101 terebros
857 1036 957 1101 Item
977 1034 1082 1100 illic:
1104 1034 1204 1100 Filius
1224 1032 1328 1099 mulus

205 1135 328 1217 petrem
349 1134 522 1214 maledicit,
544 1134 678 1201 matrem
702 1136 808 1203 antem
829 1154 891 1201 non
911 1135 1080 1203 benedicit
1116 1135 1203 1202 filins
1223 1136 1327 1202 malus

203 1237 323 1302 iustum
356 1255 390 1303 se
420 1237 551 1316 iudicat,
586 1236 703 1303 exibam
737 1240 844 1304 antem
877 1256 969 1305 saum
1000 1256 1062 1305 non
1089 1237 1206 1304 abluet.
1243 1237 1327 1305 fliius

204 1339 308 1406 mulas
331 1341 481 1423 superbos
502 1341 610 1407 oculos
631 1341 736 1421 babet,
759 1342 918 1426 palpebris
941 1341 1048 1408 autem
1062 1340 1129 1408 suis
1151 1340 1326 1407 extoIIotur.

204 1440 289 1509 filias
318 1442 421 1509 molus
450 1443 574 1526 gladios
604 1443 714 1510 dentes
742 1445 840 1510 babet
862 1445 896 1510 et
916 1444 1035 1510 cultros
1055 1444 1203 1524 molares,
1225 1443 1272 1510 ita
1292 1444 1329 1509 ut

166 1565 193 1606 nc
205 1543 331 1610 occidat
360 1545 393 1610 et
421 1544 553 1612 deuoret
579 1546 714 1613 humiles
737 1567 756 1611 a
782 1547 870 1611 terra
898 1548 932 1612 et
958 1564 1113 1631 pauperes
1147 1564 1256 1612 eorum
1290 1562 1329 1611 er

204 1646 389 1714 hominibus
446 1648 546 1713 Item
588 1650 691 1716 illic:
737 1649 872 1715 Oculum
910 1648 1141 1716 iurenerentem
1176 1648 1259 1733 patri
1295 1646 1329 1715 et

204 1748 464 1817 contumeliorum
508 1752 655 1817 senectae
690 1750 812 1829 metris
853 1750 1002 1817 effodiant
1035 1750 1126 1816 illum
1162 1749 1251 1818 corui
1287 1748 1328 1816 dt

204 1852 410 1933 conuallibus,
435 1854 467 1919 ot
488 1852 657 1920 comedant
668 1853 759 1919 illum
774 1853 854 1937 pulli
870 1851 1054 1937 aquilarum.
1099 1854 1198 1921 Item
1219 1852 1327 1919 illice

204 1954 351 2019 Custodit
391 1954 496 2039 legem
532 1955 617 2021 filias
653 1958 793 2039 sepiens:
829 1975 903 2021 nam
940 1955 994 2039 qni
1030 1954 1170 2038 pascitur
1205 1954 1328 2020 luxoria

165 2074 192 2115 rs
205 2054 392 2122 dehonestet
419 2058 550 2141 patrem.
595 2058 695 2123 Item
723 2056 829 2123 illic:
861 2057 922 2141 Qui
942 2058 1070 2140 tepeIIIt
1089 2060 1212 2141 patrem
1235 2074 1328 2123 suum

205 2159 262 2224 aut
281 2159 416 2227 matrem
438 2179 538 2240 suam,
563 2160 722 2227 existimet
743 2180 777 2226 ss
800 2180 861 2227 non
875 2180 1019 2246 peccare,
1038 2160 1090 2227 hir
1105 2161 1263 2245 particeps
1278 2158 1328 2227 est

204 2400 278 2459 rep.
302 2383 418 2445 xvm:
446 2384 495 2444 Ira
515 2384 606 2461 petris
627 2384 703 2445 tibae
725 2386 830 2445 stultus
852 2386 881 2444 et
902 2385 980 2444 dolor
999 2386 1093 2445 matri.
1137 2386 1224 2445 Item
1253 2404 1325 2461 cap.
1357 2406 1380 2448 α

203 2470 284 2529 XXI:
314 2470 369 2542 Qui
391 2470 535 2530 maledicit
555 2470 630 2545 patri
652 2486 702 2530 suo
724 2472 753 2529 et
773 2470 858 2530 matri
875 2470 1058 2545 extinguetur
1078 2471 1192 2530 lucerna
1213 2472 1275 2531 eius
1296 2472 1327 2530 in

203 2554 305 2615 mediis
332 2555 466 2615 tenebris.
510 2557 597 2615 Item
618 2571 691 2630 cap.
714 2556 808 2615 XXX:
838 2554 956 2615 Oculum
985 2556 1033 2631 qui
1059 2557 1197 2615 subsanet
1217 2558 1327 2633 patrem
1371 2586 1377 2597 ·

165 2643 233 2701 ”et
264 2640 313 2715 qui
343 2640 448 2715 decipit
475 2642 586 2716 partum
614 2641 713 2701 matis
743 2656 827 2713 suae,
858 2641 993 2701 effodiant
1019 2656 1082 2701 eum
1110 2641 1197 2700 corbi.
1240 2643 1326 2701 Item

205 2863 285 2923 stitia
306 2865 350 2923 est
371 2863 455 2922 matri
479 2880 555 2923 suae.
598 2862 687 2925 Item
720 2881 794 2940 cap.
818 2862 899 2923 XVI:
932 2862 1023 2923 Filius
1056 2862 1171 2941 sapiens
1194 2862 1373 2948 laetificutp

203 2949 311 3025 patrem
334 2951 362 3007 et
384 2948 490 3009 stultus
510 2950 592 3008 homo
614 2948 731 3026 dispIcit
750 2950 869 3009 matrem
890 2965 980 3009 uuam.
1013 2948 1100 3009 Item
1122 2965 1196 3025 cap,
1211 2948 1327 3011 XVIII:

202 3032 249 3093 Ira
282 3032 373 3108 petrIs
401 3032 477 3093 lilius
511 3032 616 3094 stultus
645 3036 675 3095 et
703 3034 780 3093 dolor
801 3032 896 3095 matri.
937 3034 1026 3093 Item
1058 3051 1132 3110 cap.
1154 3034 1236 3095 XXI:
1271 3037 1327 3109 Qui

203 3117 346 3178 maledicit
377 3118 453 3194 patri
486 3135 537 3178 suo
566 3121 595 3179 et
622 3120 715 3190 matri,
748 3118 929 3193 ertiuguetur
956 3118 1070 3179 lucerna
1091 3120 1153 3180 eius
1174 3120 1205 3179 tn
1225 3122 1325 3181 mediis

164 3204 337 3268 intenebris.
381 3205 471 3263 Item
491 3220 565 3281 cap.
588 3204 678 3263 XXX:
708 3204 828 3265 Oculum
848 3205 897 3279 qui
919 3206 1078 3267 subsannat
1097 3206 1206 3280 patrem
1228 3210 1256 3265 et
1278 3208 1326 3283 qui

204 3288 320 3363 dispicit
331 3291 443 3365 partum
457 3290 557 3349 metris
573 3306 650 3363 suae,
666 3288 801 3351 effodiant
815 3307 878 3350 eum
893 3290 978 3351 corui.
999 3286 1051 3350 'In
1073 3290 1326 3352 ecclesiastico

218 3532 220 3539 ’
305 3520 322 3575 Β
348 3521 425 3576 Prou.
452 3520 495 3588 20,
522 3522 556 3576 20
670 3522 687 3575 5
712 3520 790 3577 Prou
812 3522 854 3591 ab,
882 3522 983 3577 11-14
1101 3522 1131 3576 11
1159 3522 1195 3578 11.
1225 3524 1257 3577 12

203 3608 238 3661 14
258 3606 335 3663 Prou
352 3607 395 3677 28,
414 3608 430 3662 7
532 3607 566 3662 15
588 3606 624 3663 ib.
646 3606 682 3661 24
783 3608 817 3662 21
840 3607 919 3663 Pron.
937 3609 979 3672 15,
996 3609 1031 3662 20
1132 3607 1167 3662 23
1187 3608 1265 3663 Pron.
1284 3610 1325 3672 17,

203 3692 237 3747 25
322 3692 399 3751 Prou
417 3694 458 3759 20,
476 3694 512 3749 20
612 3694 647 3749 21
664 3694 740 3749 Pron.
758 3693 802 3758 00,
820 3694 854 3748 11

256 3914 412 3987 lreppellit
433 3918 460 3972 V
558 3914 739 3987 20bprobriis
756 3918 816 3987 LO,
842 3917 987 3987 obpropriis
1009 3919 1036 3973 V
1132 3915 1326 3973 imuledicens

204 3994 231 4055 L
327 4001 345 4054 4
364 4001 524 4071 extinguitur
544 4002 570 4057 V
663 4002 756 4071 pupilli
774 4002 803 4057 L
902 4002 920 4057 8
937 4001 1088 4072 palpbebris
1105 4002 1129 4057 S
1230 4003 1262 4057 IO
1279 4001 1325 4056 bu-

202 4084 314 4141 mitiss
414 4087 446 4142 12
470 4090 609 4143 seenectue
631 4086 659 4153 S,
689 4090 794 4143 senecte
812 4087 847 4158 L,
875 4090 1012 4143 senectute
1033 4089 1068 4143 V*
1171 4087 1327 4145 reluxerit

204 4170 268 4241 SM,
296 4171 397 4226 luxurie
413 4170 471 4227 rell.
572 4172 604 4225 15
622 4172 731 4243 repellet
748 4172 858 4241 MV‘L,
886 4172 1015 4243 repellens
1036 4174 1071 4227 V’
1174 4174 1206 4228 lo
1224 4174 1278 4243 eut]
1298 4174 1326 4227 et

203 4254 316 4310 ΜΗΘ
416 4256 550 4311 existimet
573 4256 607 4326 S,
636 4259 761 4313 aestimet
779 4258 896 4326 tertImat
916 4258 975 4327 VL)
998 4258 1123 4328 MVLO,
1152 4258 1276 4325 fertum
1297 4260 1327 4311 ct

202 4340 327 4395 urtinse
1231 4349 1233 4352 '
