3159 4967
281 434 345 503 392
505 434 553 489 De
570 433 695 489 diuinis
712 435 891 505 scripturis
907 432 980 489 siue
998 433 1179 502 Speculum

286 626 388 691 annuo
418 644 474 691 sno
502 624 627 705 iniuste,
658 624 729 691 aliis
757 625 938 709 congregat,
968 626 1002 690 et
1030 625 1063 690 in
1091 624 1182 690 tonis
1206 622 1294 690 illins
1315 625 1400 692 alius

280 728 495 795 luxuriabitur.
532 728 634 793 Item
644 728 748 793 illio:
765 726 827 810 Qui
842 745 952 793 aurum
966 727 1080 811 diligit,
1094 746 1156 793 nun
1166 727 1405 795 iustificabitur:

283 832 316 895 et
342 831 395 914 qui
424 830 564 914 sequitur
592 830 703 909 multa,
732 831 764 895 in
785 830 1092 914 illisinplauatitnr.
1127 830 1220 895 multi
1243 830 1309 896 deti
1326 835 1406 897 snut

281 935 313 998 in
346 934 413 999 anri
442 952 562 1014 casum,
593 934 625 999 ot
652 932 739 999 factu
768 935 819 999 ost
844 934 878 999 in
899 933 981 999 lucie
1000 933 1088 999 illius
1109 933 1245 1017 perditio
1266 932 1403 999 illorum.

283 1038 382 1102 Item
404 1036 510 1101 illic:
532 1035 667 1121 Lignum
690 1035 877 1103 ostensionis
892 1036 942 1102 est
956 1053 1084 1101 aurum:
1098 1054 1160 1100 uae
1174 1036 1229 1118 qui
1243 1036 1406 1101 sectentur
1424 1056 1447 1096 ‚s

282 1136 377 1210 illud!
402 1140 435 1205 et
455 1138 556 1205 omnis
576 1138 746 1223 inprudens
767 1139 869 1222 periet
888 1139 921 1204 in
942 1138 1014 1204 illo:
1035 1137 1153 1218 multos
1175 1139 1260 1203 euim
1280 1138 1407 1204 seduxit

285 1258 405 1321 aarum
440 1242 472 1307 ot
503 1238 688 1307 exciderunt
718 1241 881 1325 sperantes
911 1242 945 1307 in
979 1262 1025 1307 eo.
1070 1242 1171 1307 Item
1201 1241 1309 1305 illic:
1342 1240 1407 1323 Qui

285 1340 390 1426 diligit
409 1340 586 1425 pecuniam,
608 1359 669 1406 non
690 1340 857 1408 satiabitur
870 1342 1013 1426 pecnnia
1057 1343 1158 1407 Item
1178 1341 1218 1407 iu
1240 1343 1407 1409 eeclesi-

283 1445 384 1510 aste:
414 1444 472 1510 list
500 1444 676 1523 calamitas
707 1464 802 1529 qnam
830 1446 899 1511 uidi
918 1447 977 1513 sub
1000 1446 1077 1524 sole,
1100 1445 1231 1511 diuites
1251 1446 1405 1513 custodiri

282 1546 313 1612 in
346 1546 466 1613 malum
503 1546 694 1630 possidentis
727 1566 792 1629 sas,
827 1549 903 1632 upnt
934 1568 1029 1633 quem
1061 1549 1136 1613 sunt
1165 1548 1198 1613 in
1234 1548 1407 1631 perniciem
1421 1568 1449 1609 u

281 1650 439 1733 ipsius-
454 1650 537 1715 deut
559 1650 655 1729 uenit,
678 1651 711 1716 et
731 1650 811 1716 nihil
832 1651 968 1734 accipiet
982 1670 1020 1717 ex
1034 1651 1143 1717 latore
1165 1668 1232 1729 sno,
1246 1651 1284 1716 ut
1296 1650 1406 1730 nudet,

283 1753 315 1818 in
347 1770 444 1819 menn
476 1772 542 1819 sua
586 1752 674 1819 Dixi:
710 1754 822 1819 melior
857 1755 907 1819 est
938 1772 1033 1838 snper
1066 1754 1148 1819 hunc
1186 1754 1331 1821 abortus:
1364 1794 1407 1805 -

284 1856 410 1938 requies
437 1856 540 1939 magis
568 1856 641 1921 huic
664 1874 759 1939 quam
780 1856 838 1922 illi.
881 1857 979 1922 Item
1000 1857 1037 1921 in
1061 1857 1171 1933 esaia
1192 1858 1407 1939 propheta:

285 1958 374 2022 Sicut
396 1958 450 2041 qni
470 1958 502 2023 in
518 1958 636 2025 somnis
652 1959 793 2025 esuriunt
807 1959 840 2025 et
852 1959 1047 2025 manducent
1060 1960 1102 2038 et,
1118 1978 1192 2026 oum
1206 1960 1408 2038 sumererim,

285 2080 401 2127 uanum
432 2062 480 2128 est
509 2063 663 2128 somnium
693 2080 811 2141 eorum,
840 2063 873 2127 et
903 2061 1170 2146 quemadmodum
1195 2062 1331 2129 somniet
1352 2063 1407 2146 qui
1421 2086 1452 2126 ιε

285 2164 362 2243 sitit,
391 2163 554 2247 tamquam
582 2166 671 2232 bibat
700 2165 732 2230 et
761 2182 895 2248 surgens
925 2164 1027 2231 adhuc
1050 2165 1148 2243 sitiet,
1173 2166 1277 2231 anima
1299 2168 1406 2231 autem

235 2395 256 2436 α
285 2390 405 2443 rosera,
428 2390 443 2433 o
463 2390 486 2433 s.
503 2372 576 2456 tin.)
602 2391 652 2434 suo
674 2376 787 2446 iniuste,
811 2374 876 2433 aliis
899 2390 1050 2449 congrega.
1092 2376 1183 2434 Item
1209 2393 1283 2451 cap.
1305 2375 1407 2435 XVII:

285 2458 409 2535 Lignum
431 2458 593 2520 olleusionis
615 2462 660 2520 est
681 2476 795 2521 aurum:
817 2477 871 2519 uae
885 2460 934 2535 qui
950 2462 1093 2519 sectantur
1113 2461 1192 2521 illud.
1222 2462 1310 2521 Item
1332 2478 1406 2536 cap.

373 2565 380 2603 :
415 2546 469 2617 Qui
499 2544 594 2622 diligit
622 2544 769 2621 pecuniam
797 2560 853 2605 non
882 2546 1036 2605 sociabitur
1059 2547 1188 2621 pecunia,
1232 2548 1273 2607 Iu
1304 2550 1409 2607 esaia

234 2755 258 2813 μ
287 2749 338 2793 suo
361 2734 473 2803 Iniuste
497 2733 562 2793 aliis
584 2735 872 2807 congregatusque
894 2732 1183 2792 uliusluxoriabitur.
1221 2734 1310 2793 Item
1333 2752 1407 2809 cap.
1421 2752 1453 2792 ae

287 2818 383 2877 XVII:
405 2820 529 2894 Lignum
550 2818 711 2878 offensionis
734 2820 778 2877 est
799 2834 912 2876 aurum:
934 2833 987 2877 nae
1009 2818 1058 2891 qui
1080 2820 1223 2877 sectantur
1244 2819 1323 2878 illud.
1367 2820 1410 2879 In

287 2904 507 2963 ecclesiaste
530 2921 601 2979 cap.
625 2906 663 2963 V:
694 2904 805 2961 Auams
834 2919 890 2961 non
918 2902 1050 2977 impletur
1069 2904 1190 2977 pecunia
1210 2907 1240 2963 et
1260 2900 1309 2978 qu'i
1332 2909 1411 2963 amat

289 2988 404 3047 diuitias
436 2988 545 3048 fructus
574 3004 630 3047 non
659 2989 751 3063 cupiet
779 3006 813 3047 er
839 2989 892 3047 eis.
934 2988 975 3046 In
997 2989 1100 3047 esuis
1121 3004 1192 3063 cop.
1281 3009 1289 3046 ε
1322 2990 1411 3049 'Iolao

389 3189 406 3243 2
426 3188 505 3245 Ecoli.
522 3188 564 3255 31,
582 3190 598 3242 5
617 3192 645 3243 et
661 3190 678 3243 6
780 3188 798 3241 5
815 3187 894 3243 Eccl'a
912 3186 955 3252 31,
974 3190 989 3240 7
1008 3191 1036 3243 et
1051 3188 1133 3244 diocli.
1150 3188 1175 3258 8,
1193 3189 1210 3242 2
1228 3189 1265 3261 (9)
1284 3192 1312 3244 et
1328 3187 1412 3247 Eoel'n

287 3274 330 3338 34.
350 3274 365 3329 7
469 3275 484 3330 7
506 3274 591 3331 Eccle.
615 3276 641 3339 5,
663 3276 679 3328 9
782 3276 799 3329 9
822 3274 907 3329 Eccle.
930 3275 955 3339 5,
974 3274 1007 3329 12
1025 3278 1053 3329 et
1071 3276 1104 3330 14
1121 3285 1149 3331 et
1164 3276 1253 3332 necle.
1268 3277 1294 3346 d,
1310 3276 1328 3330 8
1346 3280 1375 3331 et
1393 3278 1412 3331 5

286 3364 313 3429 (4
331 3362 358 3415 et
376 3362 401 3429 6)
504 3362 537 3415 14
554 3362 597 3417 Es.
615 3361 657 3425 29,
677 3361 693 3415 8
794 3360 829 3413 22
846 3360 931 3415 Eccle.
949 3361 974 3425 5,
992 3362 1009 3415 9
1110 3362 1144 3416 23
1161 3362 1206 3418 Es.
1224 3364 1266 3433 59,
1283 3364 1300 3417 6

339 3549 352 3602 1
380 3548 495 3602 nimae
523 3548 606 3603 sun
709 3520 761 3603 uni
789 3548 813 3603 a
837 3551 920 3615 (corr.
943 3565 977 3602 m.
995 3550 1024 3614 1)
1132 3547 1149 3600 a
1174 3548 1348 3605 immissu
1376 3551 1414 3623 v,

172 3649 174 3661 ¹
286 3634 429 3689 luxurietur
452 3633 475 3688 C
583 3634 670 3689 uerte
691 3632 758 3688 Item
770 3664 803 3673 -
817 3633 868 3699 Qui
881 3632 1080 3701 --perditio
1103 3632 1206 3689 illorum
1229 3635 1266 3688 Μ
1270 3636 1344 3691 Vno

287 3718 431 3789 liucieS
530 3718 671 3789 tlignum]
691 3718 773 3787 signu
792 3718 820 3786 (S
837 3718 937 3787 rutra)
959 3716 985 3771 V
1085 3719 1242 3774 ostensionis
1266 3720 1300 3776 S:
1329 3720 1413 3778 olien-

286 3806 369 3860 sionis
387 3804 424 3859 M
427 3804 518 3859 vnce
617 3818 650 3857 ne
672 3802 720 3858 VO
820 3802 978 3858 amteturO
1077 3805 1094 3858 6
1112 3804 1190 3875 euim]
1208 3810 1297 3861 antem
1317 3806 1344 3861 V

287 3926 303 3976 τ
329 3889 486 3979 umerus
509 3924 535 3979 n
559 3924 591 3990 (a
614 3924 681 3979 aas.
704 3940 738 3979 a.
755 3929 783 3992 1)
892 3925 947 3979 nnc
970 3924 1003 3993 s,
1036 3925 1066 3979 u
1090 3926 1267 3980 caussasse
1290 3927 1414 3999 muno,

287 4008 463 4065 :eamdam
480 4008 508 4061 in
527 4008 677 4064 ecclesiaste
779 4010 797 4065 8
812 4011 959 4080 pecuniam]
975 4012 1087 4080 perenis
1104 4012 1141 4066 M
1226 4014 1326 4068 ¹uerte
1342 4013 1413 4070 Item

286 4092 1155 4164 -nstcslamitus-(p.3eo,t.6)semitueiusoocnmc
1246 4098 1346 4169 eoois

278 4181 321 4233 dt)
346 4177 511 4248 possidentes
539 4180 562 4235 S
683 4181 715 4235 11
743 4187 810 4234 oste
835 4181 905 4234 ment
929 4183 997 4235 Mai
1021 4184 1165 4253 suppleuit
1190 4187 1336 4238 murtetis
1361 4186 1411 4253 (cf.

288 4266 395 4333 1911111.)
509 4266 542 4319 12
567 4280 615 4321 sua
642 4266 666 4321 S
773 4265 882 4320 ebertus
907 4269 1024 4337 scripsi:
1051 4271 1137 4323 artum
1164 4268 1197 4338 S,
1231 4269 1368 4325 abortione
1392 4288 1412 4325 o

287 4348 431 4419 (ἔκτρωμα)
536 4350 569 4404 13
586 4351 659 4421 esaie
674 4350 756 4421 pf38
853 4352 889 4405 16
907 4352 1034 4408 udhsoS
