3159 4967
234 463 278 528 82
620 463 647 517 S.
665 462 781 517 Aureli
798 463 979 532 Augustini

234 653 324 729 haec,
357 650 514 733 principes
545 649 656 715 domus
679 652 779 717 Jacob
808 653 840 716 et
861 650 983 717 iudices
1014 651 1126 718 domus
1147 655 1279 734 Israhel,
1310 658 1363 740 qui

236 754 458 820 abominamini
486 752 639 818 iudicium
662 756 696 819 et
716 755 823 819 omnie
843 756 933 819 recta
952 755 1142 838 peruertitis
1188 759 1242 840 qui
1272 759 1362 824 sedi-

234 857 339 922 ficalis
361 856 435 924 Sion
457 857 490 921 in
514 857 719 939 sanguinibus
742 857 774 921 et
795 856 998 922 Hierusalem
1020 859 1051 922 in
1067 859 1243 941 iniquitate.
1274 863 1362 945 prin-

235 963 321 1044 cipes
355 961 483 1026 sinsin
510 961 692 1026 muneribus
721 960 920 1038 iudicabant,
957 962 989 1025 et
1022 962 1204 1029 sacerdotes
1233 965 1300 1033 eius
1330 965 1361 1030 in

234 1064 381 1130 mercede
404 1065 569 1143 docebant,
595 1065 627 1130 et
647 1065 819 1147 prophetae
851 1064 918 1129 eius
945 1064 978 1128 in
1005 1066 1139 1148 pecunia
1162 1067 1361 1134 diuinabant:
1388 1083 1405 1122 ὁ

235 1171 267 1233 et
289 1187 382 1252 snper
406 1169 566 1234 domiuum
587 1167 829 1251 requiescebant
852 1167 1008 1232 dicentes:
1031 1169 1182 1253 numquid
1205 1189 1265 1235 non
1283 1171 1362 1238 deus

233 1273 266 1337 in
287 1272 393 1337 medio
414 1271 579 1337 nostrum?
600 1290 661 1338 non
682 1272 812 1336 uenient
835 1290 928 1354 super
950 1289 1006 1337 nos
1028 1273 1123 1338 mela.
1163 1274 1263 1340 Item
1287 1275 1361 1339 sli-

235 1376 380 1460 quanto
402 1375 506 1460 post:
529 1375 680 1440 Indicabo
701 1373 771 1452 tibi,
795 1375 932 1452 chone,
956 1375 1033 1457 quid
1049 1375 1221 1442 sitbonum
1238 1378 1361 1460 etquid

234 1478 379 1545 dominns
409 1479 543 1562 quaerat
575 1498 595 1543 a
622 1479 672 1542 ts:
707 1477 818 1560 utique
847 1477 951 1542 lacere
981 1477 1135 1544 iudicium
1166 1481 1199 1544 et
1228 1480 1360 1564 diligere

232 1582 482 1650 misericordiam
505 1583 538 1648 et
559 1581 730 1649 sollicitum
747 1581 910 1647 ambulare
926 1600 999 1646 cum
1017 1581 1076 1647 deo
1091 1583 1156 1648 tuo.
1202 1584 1249 1650 Et
1269 1584 1362 1666 post
1375 1595 1403 1634 ¹⁰

231 1689 281 1752 III
305 1706 463 1754 uersus:
487 1686 600 1751 Adbuc
622 1686 705 1768 ignis
726 1685 760 1750 in
786 1684 879 1750 domo
894 1684 993 1767 impii,
1016 1685 1157 1752 thesauri
1173 1685 1359 1769 iniquitatis,

233 1792 265 1854 et
286 1809 434 1856 mensura
454 1790 557 1854 minor
583 1789 650 1852 irae
671 1787 774 1871 plena
820 1787 972 1870 numquid
1001 1788 1180 1854 iustificabo
1209 1790 1360 1854 stateram

230 1893 361 1976 impiam
383 1893 417 1960 et
443 1891 573 1958 saccelli
600 1892 740 1974 pondera
771 1892 902 1958 dolosa?
945 1893 976 1955 in
1006 1893 1119 1974 quibus
1149 1892 1264 1958 diuites
1293 1893 1361 1958 eius

231 1995 343 2078 repleti
366 1997 440 2062 sunt
459 1994 636 2077 iniquitate,
660 1995 694 2060 et
714 1995 894 2060 habitantes
922 1994 954 2059 in
978 2012 1018 2060 ea
1037 1995 1248 2078 loquebantur
1269 2014 1360 2060 men-

234 2099 360 2164 dacium
384 2099 417 2163 et
436 2099 546 2183 lingua
568 2118 676 2164 eorum
698 2098 900 2164 fraudulenta
915 2099 948 2162 in
972 2116 1026 2164 ore
1043 2117 1160 2164 eorum.
1204 2099 1250 2164 Et
1270 2101 1360 2182 post
1373 2105 1401 2146 ¹⁶

231 2202 294 2267 XII
318 2221 472 2268 uersus:
496 2203 563 2267 Vae
584 2202 673 2280 mibi,
695 2201 770 2284 quia
792 2201 895 2267 factus
919 2219 989 2266 sum
1013 2201 1097 2266 sicut
1119 2201 1172 2285 qni
1189 2200 1313 2285 colligit
1326 2203 1358 2266 in

233 2305 382 2371 autumno
403 2323 547 2370 racemos
568 2304 758 2370 uindemiae.
798 2323 858 2370 non
874 2304 924 2370 est
937 2305 1047 2370 botrus
1063 2305 1103 2370 ad
1119 2304 1358 2382 comedendum,

229 2425 400 2491 praecoces
433 2408 513 2472 fiens
544 2406 739 2472 desiderauit
766 2407 871 2472 anime
904 2425 985 2472 mea.
1030 2407 1124 2490 pen‘it
1157 2409 1285 2472 sanetus
1320 2407 1359 2471 de

230 2511 316 2576 terra
339 2512 372 2575 et
391 2512 498 2577 rectus
520 2511 552 2576 in
574 2511 753 2577 hominibus
775 2529 837 2576 non
861 2510 925 2576 est:
949 2527 1056 2576 omnes
1078 2509 1111 2573 in
1134 2509 1286 2593 sanguine
1307 2510 1358 2574 in-

231 2613 395 2694 sidiantur,
432 2615 483 2678 nir
518 2613 647 2680 fratem
684 2632 777 2680 sunm
807 2613 942 2678 nenatur
973 2612 1013 2678 ad
1050 2613 1195 2678 mortem.
1238 2613 1358 2677 mulum
1372 2619 1400 2659 ’θ

229 2735 380 2782 manuum
403 2736 531 2783 suarum
560 2717 669 2782 dicunt
696 2717 830 2782 bonnm:
863 2715 1008 2799 princeps
1037 2715 1177 2798 postulat
1206 2716 1239 2779 et
1264 2715 1359 2780 iudex

230 2819 263 2884 in
277 2818 440 2885 reddendo
457 2819 506 2884 est
521 2819 554 2884 et
567 2837 702 2902 magnus
715 2817 843 2884 locutus
860 2818 909 2882 est
925 2816 1116 2883 desiderium
1133 2819 1255 2883 animae
1272 2836 1356 2884 suae.

755 3004 833 3090 XV.

622 3167 664 3208 ms
685 3167 779 3209 mino
802 3167 956 3210 ABBAGVC·

274 3277 391 3345 Contra
411 3297 463 3343 me
485 3278 605 3343 lactum
633 3279 682 3343 est
702 3278 865 3357 iudicium,
898 3279 930 3344 et
958 3277 1165 3344 contradictio
1193 3279 1357 3362 potentior.
1372 3301 1398 3344 ss

230 3382 357 3465 propter
378 3383 438 3447 boe
460 3382 604 3448 lacerata
626 3383 675 3448 est
694 3382 746 3447 lex
770 3384 802 3447 et
823 3400 884 3448 nou
907 3382 1051 3464 peruenit
1072 3400 1173 3465 usque
1203 3382 1355 3448 adfinem

229 3567 524 3692 3-48b1ich.6‚8
593 3567 631 3638 Ι11
650 3567 686 3625 ib.
705 3567 806 3622 lo-la
881 3569 914 3622 16
931 3567 1010 3624 Micb.
1029 3569 1053 3632 7,
1073 3568 1140 3623 1-8
1213 3569 1359 3636 25111,

280 3791 496 3861 aponuemns
510 3791 555 3854 1³¹,
574 3791 744 3863 euenere
815 3789 877 3844 bin
895 3790 953 3860 alt]
973 3805 1023 3846 oen.
1042 3791 1078 3845 Ρ1
1152 3797 1305 3862 rmqmrsre
1324 3793 1362 3847 M

229 3880 264 3934 P¹
328 3875 523 3931 liudrcabunu
541 3877 594 3932 Rs
654 3877 761 3948 litem]
781 3893 815 3932 eu
833 3875 902 3933 RSa
971 3877 1141 3946 uquusnrum
1158 3885 1221 3948 polu
1240 3879 1276 3942 R,
1295 3885 1357 3948 polr

228 3964 399 4034 aliquantum
416 3962 456 4017 Su
539 3961 599 4032 80]
618 3978 669 4018 om.
687 3963 793 4019 MORa
861 3961 990 4032 tlacere]
1009 3977 1059 4018 oen.
1076 3963 1116 4018 ΡΙ
1184 3963 1215 4018 11
1235 3963 1358 4018 therlsmr

227 4053 266 4105 Μ
350 4049 383 4103 12
400 4065 440 4103 ira
456 4050 484 4105 R
569 4049 664 4119 plenae
681 4051 710 4104 P
796 4048 896 4119 nuqurd
915 4055 948 4104 nb
965 4049 994 4105 R
1085 4050 1119 4104 13
1136 4050 1223 4104 saeelh
1242 4049 1293 4106 CR

227 4135 542 4205 141n1qmteremnff¹
628 4134 778 4204 loquebaris
797 4135 835 4190 Ρι
916 4135 949 4187 15
963 4133 1176 4190 baudolenus&
1250 4137 1282 4188 16
1299 4133 1357 4204 XII]

225 4222 252 4276 II
268 4221 354 4277 MOR
448 4222 560 4291 collegit
579 4221 664 4276 MPc
757 4221 789 4275 1⁷
807 4219 964 4285 burrelli,
982 4219 1142 4274 burnulP¹
1231 4219 1358 4275 comendu

227 4307 323 4363 MP¹0
400 4305 433 4360 18
450 4323 576 4377 precoras
595 4309 623 4363 R
699 4308 731 4362 21
749 4313 881 4377 principer
896 4305 1020 4362 MP¹OR
1097 4305 1242 4376 postulunt
1261 4307 1289 4362 R

224 4397 254 4447 et
272 4399 338 4448 cette
354 4392 408 4448 iud.
426 4408 477 4448 orn.
496 4394 524 4449 R
591 4392 627 4445 24
644 4393 743 4447 abecuc
762 4393 819 4454 GR,
839 4391 1005 4446 ambacuc&
