<?xml version="1.0" encoding="UTF-8"?>
<!DOCTYPE html PUBLIC "-//W3C//DTD XHTML 1.0 Transitional//EN"
    "http://www.w3.org/TR/xhtml1/DTD/xhtml1-transitional.dtd">
<html xmlns="http://www.w3.org/1999/xhtml" xml:lang="en" lang="en">
 <head>
  <title>
</title>
<meta http-equiv="Content-Type" content="text/html;charset=utf-8" />
  <meta name='ocr-system' content='tesseract 3.04.00' />
  <meta name='ocr-capabilities' content='ocr_page ocr_carea ocr_par ocr_line ocrx_word'/>
</head>
<body>
  <div class='ocr_page' id='page_1' title='image "./corpusscriptoru19wissgoog_0317.png"; bbox 0 0 3159 4967; ppageno 0'>
   <div class='ocr_carea' id='block_1_1' title="bbox 653 428 1314 498">
    <p class='ocr_par' dir='ltr' id='par_1_1' title="bbox 653 428 1314 498">
     <span class='ocr_line' id='line_1_1' title="bbox 653 428 1314 498; baseline 0 -16"><span class='ocrx_word' id='word_1_1' title='bbox 653 428 836 498; x_wconf 79' lang='lat' dir='ltr'>Speculum</span> <span class='ocrx_word' id='word_1_2' title='bbox 1248 429 1314 494; x_wconf 73' lang='grc'>257</span> 
     </span>
    </p>
   </div>
   <div class='ocr_carea' id='block_1_2' title="bbox 141 611 1314 3179">
    <p class='ocr_par' dir='ltr' id='par_1_2' title="bbox 141 611 1314 3179">
     <span class='ocr_line' id='line_1_2' title="bbox 179 611 1311 701; baseline 0.001 -19"><span class='ocrx_word' id='word_1_3' title='bbox 179 619 266 700; x_wconf 89' lang='lat' dir='ltr'>ipsos</span> <span class='ocrx_word' id='word_1_4' title='bbox 293 637 349 701; x_wconf 89' lang='lat' dir='ltr'>per</span> <span class='ocrx_word' id='word_1_5' title='bbox 376 617 517 700; x_wconf 85' lang='lat' dir='ltr'>singulos</span> <span class='ocrx_word' id='word_1_6' title='bbox 546 617 626 692; x_wconf 87' lang='lat' dir='ltr'>diss,</span> <span class='ocrx_word' id='word_1_7' title='bbox 657 617 755 680; x_wconf 86' lang='lat' dir='ltr'>donee</span> <span class='ocrx_word' id='word_1_8' title='bbox 776 611 894 682; x_wconf 78' lang='lat' dir='ltr'>‘hodie’</span> <span class='ocrx_word' id='word_1_9' title='bbox 921 615 1168 698; x_wconf 78' lang='lat' dir='ltr'>oognominetur‚</span> <span class='ocrx_word' id='word_1_10' title='bbox 1191 617 1227 682; x_wconf 91' lang='lat' dir='ltr'>ut</span> <span class='ocrx_word' id='word_1_11' title='bbox 1249 635 1311 683; x_wconf 82' lang='lat' dir='ltr'>non</span> 
     </span>
     <span class='ocr_line' id='line_1_3' title="bbox 182 719 1312 803; baseline 0.001 -18"><span class='ocrx_word' id='word_1_12' title='bbox 182 721 353 786; x_wconf 73' lang='lat' dir='ltr'>obduretur</span> <span class='ocrx_word' id='word_1_13' title='bbox 368 722 438 803; x_wconf 81' lang='lat' dir='ltr'>quis</span> <span class='ocrx_word' id='word_1_14' title='bbox 455 739 493 786; x_wconf 86' lang='lat' dir='ltr'>er</span> <span class='ocrx_word' id='word_1_15' title='bbox 508 721 598 786; x_wconf 86' lang='lat' dir='ltr'>uobis</span> <span class='ocrx_word' id='word_1_16' title='bbox 613 720 742 786; x_wconf 85' lang='lat' dir='ltr'>fslleeie</span> <span class='ocrx_word' id='word_1_17' title='bbox 755 719 888 802; x_wconf 75' lang='lat' dir='ltr'>ponenti.</span> <span class='ocrx_word' id='word_1_18' title='bbox 908 719 1079 801; x_wconf 77' lang='lat' dir='ltr'>participes</span> <span class='ocrx_word' id='word_1_19' title='bbox 1097 719 1180 786; x_wconf 87' lang='lat' dir='ltr'>enim</span> <span class='ocrx_word' id='word_1_20' title='bbox 1191 720 1312 786; x_wconf 75' lang='lat' dir='ltr'>Christi</span> 
     </span>
     <span class='ocr_line' id='line_1_4' title="bbox 183 822 1311 905; baseline 0 -17"><span class='ocrx_word' id='word_1_21' title='bbox 183 824 285 888; x_wconf 85' lang='lat' dir='ltr'>effoeti</span> <span class='ocrx_word' id='word_1_22' title='bbox 301 843 419 902; x_wconf 82' lang='lat' dir='ltr'>sumus,</span> <span class='ocrx_word' id='word_1_23' title='bbox 444 825 470 890; x_wconf 93' lang='lat' dir='ltr'>si</span> <span class='ocrx_word' id='word_1_24' title='bbox 485 825 591 888; x_wconf 83' lang='lat' dir='ltr'>temen</span> <span class='ocrx_word' id='word_1_25' title='bbox 607 824 730 888; x_wconf 91' lang='lat' dir='ltr'>initium</span> <span class='ocrx_word' id='word_1_26' title='bbox 745 823 944 888; x_wconf 67' lang='lat' dir='ltr'>substantioe</span> <span class='ocrx_word' id='word_1_27' title='bbox 960 822 1028 888; x_wconf 87' lang='lat' dir='ltr'>eine</span> <span class='ocrx_word' id='word_1_28' title='bbox 1044 841 1143 905; x_wconf 83' lang='lat' dir='ltr'>usque</span> <span class='ocrx_word' id='word_1_29' title='bbox 1159 822 1200 888; x_wconf 87' lang='lat' dir='ltr'>ed</span> <span class='ocrx_word' id='word_1_30' title='bbox 1214 823 1311 888; x_wconf 86' lang='lat' dir='ltr'>finem</span> 
     </span>
     <span class='ocr_line' id='line_1_5' title="bbox 181 925 1310 994; baseline 0 -4"><span class='ocrx_word' id='word_1_31' title='bbox 181 925 307 991; x_wconf 88' lang='lat' dir='ltr'>firmum</span> <span class='ocrx_word' id='word_1_32' title='bbox 334 928 537 994; x_wconf 69' lang='lat' dir='ltr'>retineamus</span> <span class='ocrx_word' id='word_1_33' title='bbox 559 928 636 992; x_wconf 91' lang='lat' dir='ltr'>dum</span> <span class='ocrx_word' id='word_1_34' title='bbox 661 926 794 992; x_wconf 85' lang='lat' dir='ltr'>dieitur:</span> <span class='ocrx_word' id='word_1_35' title='bbox 822 925 916 992; x_wconf 80' lang='lat' dir='ltr'>hodie</span> <span class='ocrx_word' id='word_1_36' title='bbox 940 927 967 991; x_wconf 92' lang='lat' dir='ltr'>si</span> <span class='ocrx_word' id='word_1_37' title='bbox 988 945 1102 992; x_wconf 90' lang='lat' dir='ltr'>uooem</span> <span class='ocrx_word' id='word_1_38' title='bbox 1125 927 1194 992; x_wconf 91' lang='lat' dir='ltr'>eius</span> <span class='ocrx_word' id='word_1_39' title='bbox 1215 926 1310 991; x_wconf 87' lang='lat' dir='ltr'>eudi-</span> 
     </span>
     <span class='ocr_line' id='line_1_6' title="bbox 153 1029 1309 1111; baseline 0 -17"><span class='ocrx_word' id='word_1_40' title='bbox 153 1030 280 1106; x_wconf 63' lang='lat' dir='ltr'>seritis,</span> <span class='ocrx_word' id='word_1_41' title='bbox 313 1031 410 1094; x_wconf 81' lang='lat' dir='ltr'>nolite</span> <span class='ocrx_word' id='word_1_42' title='bbox 443 1030 599 1096; x_wconf 77' lang='lat' dir='ltr'>obdurare</span> <span class='ocrx_word' id='word_1_43' title='bbox 634 1029 730 1094; x_wconf 79' lang='lat' dir='ltr'>eorde</span> <span class='ocrx_word' id='word_1_44' title='bbox 763 1030 872 1094; x_wconf 80' lang='lat' dir='ltr'>uestro</span> <span class='ocrx_word' id='word_1_45' title='bbox 899 1029 1166 1111; x_wconf 74' lang='lat' dir='ltr'>quemadmodum</span> <span class='ocrx_word' id='word_1_46' title='bbox 1194 1030 1225 1094; x_wconf 91' lang='lat' dir='ltr'>in</span> <span class='ocrx_word' id='word_1_47' title='bbox 1253 1047 1309 1094; x_wconf 80' lang='lat' dir='ltr'>ex·</span> 
     </span>
     <span class='ocr_line' id='line_1_7' title="bbox 184 1133 1310 1216; baseline 0.002 -20"><span class='ocrx_word' id='word_1_48' title='bbox 184 1133 392 1199; x_wconf 85' lang='lat' dir='ltr'>eoerbetione.</span> <span class='ocrx_word' id='word_1_49' title='bbox 430 1134 478 1197; x_wconf 79' lang='lat' dir='ltr'>Et</span> <span class='ocrx_word' id='word_1_50' title='bbox 500 1133 588 1215; x_wconf 88' lang='lat' dir='ltr'>post</span> <span class='ocrx_word' id='word_1_51' title='bbox 610 1151 758 1215; x_wconf 83' lang='lat' dir='ltr'>pensos</span> <span class='ocrx_word' id='word_1_52' title='bbox 781 1152 941 1199; x_wconf 88' lang='lat' dir='ltr'>uersus:</span> <span class='ocrx_word' id='word_1_53' title='bbox 967 1133 1149 1199; x_wconf 73' lang='lat' dir='ltr'><strong>Timeamus</strong></span> <span class='ocrx_word' id='word_1_54' title='bbox 1168 1153 1253 1216; x_wconf 84' lang='lat' dir='ltr'>ergo,</span> <span class='ocrx_word' id='word_1_55' title='bbox 1269 1153 1310 1198; x_wconf 91' lang='lat' dir='ltr'>ne</span> 
     </span>
     <span class='ocr_line' id='line_1_8' title="bbox 182 1235 1310 1317; baseline 0.004 -19"><span class='ocrx_word' id='word_1_56' title='bbox 182 1235 262 1299; x_wconf 90' lang='lat' dir='ltr'>forte</span> <span class='ocrx_word' id='word_1_57' title='bbox 285 1235 399 1300; x_wconf 81' lang='lat' dir='ltr'>relicte</span> <span class='ocrx_word' id='word_1_58' title='bbox 419 1236 647 1317; x_wconf 84' lang='lat' dir='ltr'>poliieitetione</span> <span class='ocrx_word' id='word_1_59' title='bbox 661 1235 842 1300; x_wconf 82' lang='lat' dir='ltr'>introeundi</span> <span class='ocrx_word' id='word_1_60' title='bbox 857 1236 887 1300; x_wconf 92' lang='lat' dir='ltr'>in</span> <span class='ocrx_word' id='word_1_61' title='bbox 903 1237 1046 1317; x_wconf 79' lang='lat' dir='ltr'>requiem</span> <span class='ocrx_word' id='word_1_62' title='bbox 1063 1237 1131 1302; x_wconf 85' lang='lat' dir='ltr'>eius</span> <span class='ocrx_word' id='word_1_63' title='bbox 1146 1238 1310 1303; x_wconf 81' lang='lat' dir='ltr'>existime-</span> 
     </span>
     <span class='ocr_line' id='line_1_9' title="bbox 181 1337 1312 1422; baseline 0.005 -22"><span class='ocrx_word' id='word_1_64' title='bbox 181 1337 234 1401; x_wconf 88' lang='lat' dir='ltr'>tur</span> <span class='ocrx_word' id='word_1_65' title='bbox 263 1357 300 1402; x_wconf 84' lang='lat' dir='ltr'>ex</span> <span class='ocrx_word' id='word_1_66' title='bbox 321 1339 412 1404; x_wconf 83' lang='lat' dir='ltr'>uobis</span> <span class='ocrx_word' id='word_1_67' title='bbox 434 1339 549 1422; x_wconf 82' lang='lat' dir='ltr'>aliquis</span> <span class='ocrx_word' id='word_1_68' title='bbox 578 1339 698 1404; x_wconf 89' lang='lat' dir='ltr'>deesse.</span> <span class='ocrx_word' id='word_1_69' title='bbox 739 1339 855 1404; x_wconf 88' lang='lat' dir='ltr'>etenim</span> <span class='ocrx_word' id='word_1_70' title='bbox 881 1339 913 1404; x_wconf 91' lang='lat' dir='ltr'>et</span> <span class='ocrx_word' id='word_1_71' title='bbox 935 1340 1025 1406; x_wconf 83' lang='lat' dir='ltr'>nobie</span> <span class='ocrx_word' id='word_1_72' title='bbox 1046 1341 1225 1406; x_wconf 76' lang='lat' dir='ltr'>nuntiatum</span> <span class='ocrx_word' id='word_1_73' title='bbox 1249 1343 1312 1418; x_wconf 69' lang='lat' dir='ltr'>est,</span> 
     </span>
     <span class='ocr_line' id='line_1_10' title="bbox 183 1441 1312 1524; baseline 0.005 -20"><span class='ocrx_word' id='word_1_74' title='bbox 183 1441 449 1524; x_wconf 79' lang='lat' dir='ltr'>quemadmodum</span> <span class='ocrx_word' id='word_1_75' title='bbox 479 1443 616 1506; x_wconf 84' lang='lat' dir='ltr'>stillis:</span> <span class='ocrx_word' id='word_1_76' title='bbox 648 1443 704 1508; x_wconf 92' lang='lat' dir='ltr'>sed</span> <span class='ocrx_word' id='word_1_77' title='bbox 732 1461 794 1508; x_wconf 90' lang='lat' dir='ltr'>non</span> <span class='ocrx_word' id='word_1_78' title='bbox 821 1443 938 1524; x_wconf 82' lang='lat' dir='ltr'>profuit</span> <span class='ocrx_word' id='word_1_79' title='bbox 967 1443 1031 1508; x_wconf 83' lang='lat' dir='ltr'>iilis</span> <span class='ocrx_word' id='word_1_80' title='bbox 1055 1463 1158 1510; x_wconf 88' lang='lat' dir='ltr'>sermo</span> <span class='ocrx_word' id='word_1_81' title='bbox 1182 1443 1312 1510; x_wconf 81' lang='lat' dir='ltr'>auditus</span> 
     </span>
     <span class='ocr_line' id='line_1_11' title="bbox 144 1543 1310 1628; baseline -0.004 -14"><span class='ocrx_word' id='word_1_82' title='bbox 144 1563 243 1614; x_wconf 87' lang='lat' dir='ltr'>1onon</span> <span class='ocrx_word' id='word_1_83' title='bbox 281 1543 428 1610; x_wconf 76' lang='lat' dir='ltr'>admixtis</span> <span class='ocrx_word' id='word_1_84' title='bbox 461 1545 536 1610; x_wconf 87' lang='lat' dir='ltr'>fidei</span> <span class='ocrx_word' id='word_1_85' title='bbox 571 1565 607 1610; x_wconf 83' lang='lat' dir='ltr'>er</span> <span class='ocrx_word' id='word_1_86' title='bbox 641 1547 691 1611; x_wconf 89' lang='lat' dir='ltr'>his</span> <span class='ocrx_word' id='word_1_87' title='bbox 720 1547 772 1628; x_wconf 91' lang='lat' dir='ltr'>qui</span> <span class='ocrx_word' id='word_1_88' title='bbox 803 1546 978 1612; x_wconf 81' lang='lat' dir='ltr'>audierunt</span> <span class='ocrx_word' id='word_1_89' title='bbox 1016 1548 1065 1612; x_wconf 80' lang='lat' dir='ltr'>Et</span> <span class='ocrx_word' id='word_1_90' title='bbox 1092 1547 1173 1612; x_wconf 81' lang='lat' dir='ltr'>elio</span> <span class='ocrx_word' id='word_1_91' title='bbox 1205 1547 1310 1612; x_wconf 87' lang='lat' dir='ltr'>looo:</span> 
     </span>
     <span class='ocr_line' id='line_1_12' title="bbox 181 1648 1308 1732; baseline 0.002 -20"><span class='ocrx_word' id='word_1_92' title='bbox 181 1648 344 1712; x_wconf 83' lang='lat' dir='ltr'>Habentes</span> <span class='ocrx_word' id='word_1_93' title='bbox 377 1665 451 1731; x_wconf 84' lang='lat' dir='ltr'>ergo</span> <span class='ocrx_word' id='word_1_94' title='bbox 484 1648 664 1729; x_wconf 86' lang='lat' dir='ltr'>pontifioem</span> <span class='ocrx_word' id='word_1_95' title='bbox 697 1667 856 1732; x_wconf 81' lang='lat' dir='ltr'>magnum,</span> <span class='ocrx_word' id='word_1_96' title='bbox 892 1649 945 1732; x_wconf 89' lang='lat' dir='ltr'>qui</span> <span class='ocrx_word' id='word_1_97' title='bbox 981 1650 1160 1732; x_wconf 76' lang='lat' dir='ltr'>penetrauit</span> <span class='ocrx_word' id='word_1_98' title='bbox 1190 1649 1308 1726; x_wconf 79' lang='lat' dir='ltr'>oeelos,</span> 
     </span>
     <span class='ocr_line' id='line_1_13' title="bbox 182 1751 1311 1835; baseline 0 -19"><span class='ocrx_word' id='word_1_99' title='bbox 182 1753 288 1817; x_wconf 89' lang='lat' dir='ltr'>Iesum</span> <span class='ocrx_word' id='word_1_100' title='bbox 325 1752 426 1818; x_wconf 85' lang='lat' dir='ltr'>filium</span> <span class='ocrx_word' id='word_1_101' title='bbox 464 1751 524 1829; x_wconf 86' lang='lat' dir='ltr'>dei,</span> <span class='ocrx_word' id='word_1_102' title='bbox 561 1753 726 1820; x_wconf 83' lang='lat' dir='ltr'>teneamus</span> <span class='ocrx_word' id='word_1_103' title='bbox 760 1753 997 1820; x_wconf 81' lang='lat' dir='ltr'>confessionem.</span> <span class='ocrx_word' id='word_1_104' title='bbox 1040 1754 1089 1818; x_wconf 84' lang='lat' dir='ltr'>Et</span> <span class='ocrx_word' id='word_1_105' title='bbox 1124 1753 1212 1835; x_wconf 88' lang='lat' dir='ltr'>post</span> <span class='ocrx_word' id='word_1_106' title='bbox 1245 1754 1311 1816; x_wconf 87' lang='lat' dir='ltr'>IIII</span> 
     </span>
     <span class='ocr_line' id='line_1_14' title="bbox 183 1853 1314 1938; baseline -0.001 -18"><span class='ocrx_word' id='word_1_107' title='bbox 183 1873 342 1920; x_wconf 89' lang='lat' dir='ltr'>uersus:</span> <span class='ocrx_word' id='word_1_108' title='bbox 366 1853 527 1920; x_wconf 80' lang='lat' dir='ltr'>Adeamus</span> <span class='ocrx_word' id='word_1_109' title='bbox 551 1872 625 1937; x_wconf 85' lang='lat' dir='ltr'>ergo</span> <span class='ocrx_word' id='word_1_110' title='bbox 647 1873 721 1920; x_wconf 82' lang='lat' dir='ltr'>orum</span> <span class='ocrx_word' id='word_1_111' title='bbox 743 1855 864 1922; x_wconf 80' lang='lat' dir='ltr'>fidutia</span> <span class='ocrx_word' id='word_1_112' title='bbox 886 1855 928 1922; x_wconf 84' lang='lat' dir='ltr'>ed</span> <span class='ocrx_word' id='word_1_113' title='bbox 947 1857 1096 1922; x_wconf 87' lang='lat' dir='ltr'>thronum</span> <span class='ocrx_word' id='word_1_114' title='bbox 1118 1855 1250 1938; x_wconf 78' lang='lat' dir='ltr'>gratiss,</span> <span class='ocrx_word' id='word_1_115' title='bbox 1274 1856 1314 1919; x_wconf 91' lang='lat' dir='ltr'>ut</span> 
     </span>
     <span class='ocr_line' id='line_1_15' title="bbox 182 1958 1310 2040; baseline 0.002 -18"><span class='ocrx_word' id='word_1_116' title='bbox 182 1958 433 2024; x_wconf 79' lang='lat' dir='ltr'>misericordiam</span> <span class='ocrx_word' id='word_1_117' title='bbox 459 1976 688 2040; x_wconf 81' lang='lat' dir='ltr'>consequemur</span> <span class='ocrx_word' id='word_1_118' title='bbox 712 1959 745 2024; x_wconf 90' lang='lat' dir='ltr'>et</span> <span class='ocrx_word' id='word_1_119' title='bbox 765 1959 903 2040; x_wconf 79' lang='lat' dir='ltr'>gretiam</span> <span class='ocrx_word' id='word_1_120' title='bbox 924 1959 1123 2024; x_wconf 79' lang='lat' dir='ltr'>inueniemus</span> <span class='ocrx_word' id='word_1_121' title='bbox 1144 1959 1176 2024; x_wconf 91' lang='lat' dir='ltr'>in</span> <span class='ocrx_word' id='word_1_122' title='bbox 1193 1958 1310 2024; x_wconf 76' lang='lat' dir='ltr'>auxilio</span> 
     </span>
     <span class='ocr_line' id='line_1_16' title="bbox 144 2061 1311 2144; baseline 0 -18"><span class='ocrx_word' id='word_1_123' title='bbox 144 2061 344 2144; x_wconf 57' lang='lat' dir='ltr'>„oportuno</span> <span class='ocrx_word' id='word_1_124' title='bbox 389 2062 435 2128; x_wconf 79' lang='lat' dir='ltr'>ut</span> <span class='ocrx_word' id='word_1_125' title='bbox 467 2062 586 2143; x_wconf 83' lang='lat' dir='ltr'>paulo</span> <span class='ocrx_word' id='word_1_126' title='bbox 623 2063 726 2144; x_wconf 85' lang='lat' dir='ltr'>post:</span> <span class='ocrx_word' id='word_1_127' title='bbox 757 2061 826 2127; x_wconf 87' lang='lat' dir='ltr'>Non</span> <span class='ocrx_word' id='word_1_128' title='bbox 865 2062 947 2126; x_wconf 89' lang='lat' dir='ltr'>enim</span> <span class='ocrx_word' id='word_1_129' title='bbox 981 2061 1117 2128; x_wconf 86' lang='lat' dir='ltr'>iniustus</span> <span class='ocrx_word' id='word_1_130' title='bbox 1151 2061 1239 2139; x_wconf 74' lang='lat' dir='ltr'>deus,</span> <span class='ocrx_word' id='word_1_131' title='bbox 1275 2063 1311 2126; x_wconf 90' lang='lat' dir='ltr'>ut</span> 
     </span>
     <span class='ocr_line' id='line_1_17' title="bbox 183 2164 1308 2248; baseline -0.002 -18"><span class='ocrx_word' id='word_1_132' title='bbox 183 2165 388 2230; x_wconf 79' lang='lat' dir='ltr'>ounuisoeun</span> <span class='ocrx_word' id='word_1_133' title='bbox 416 2165 517 2247; x_wconf 89' lang='lat' dir='ltr'>operis</span> <span class='ocrx_word' id='word_1_134' title='bbox 547 2165 646 2234; x_wconf 89' lang='lat' dir='ltr'>uestri</span> <span class='ocrx_word' id='word_1_135' title='bbox 675 2167 707 2230; x_wconf 89' lang='lat' dir='ltr'>et</span> <span class='ocrx_word' id='word_1_136' title='bbox 734 2165 924 2242; x_wconf 79' lang='lat' dir='ltr'>dilectionis,</span> <span class='ocrx_word' id='word_1_137' title='bbox 951 2185 1046 2248; x_wconf 87' lang='lat' dir='ltr'>quem</span> <span class='ocrx_word' id='word_1_138' title='bbox 1068 2165 1252 2230; x_wconf 77' lang='lat' dir='ltr'>ostendistis</span> <span class='ocrx_word' id='word_1_139' title='bbox 1274 2164 1308 2228; x_wconf 91' lang='lat' dir='ltr'>in</span> 
     </span>
     <span class='ocr_line' id='line_1_18' title="bbox 183 2267 1308 2350; baseline 0 -18"><span class='ocrx_word' id='word_1_140' title='bbox 183 2269 307 2332; x_wconf 86' lang='lat' dir='ltr'>nomine</span> <span class='ocrx_word' id='word_1_141' title='bbox 328 2267 438 2349; x_wconf 81' lang='lat' dir='ltr'>ipsine,</span> <span class='ocrx_word' id='word_1_142' title='bbox 462 2268 516 2348; x_wconf 87' lang='lat' dir='ltr'>qui</span> <span class='ocrx_word' id='word_1_143' title='bbox 530 2267 733 2332; x_wconf 73' lang='lat' dir='ltr'>ministrastis</span> <span class='ocrx_word' id='word_1_144' title='bbox 749 2268 867 2333; x_wconf 79' lang='lat' dir='ltr'>sanetis</span> <span class='ocrx_word' id='word_1_145' title='bbox 883 2270 915 2332; x_wconf 91' lang='lat' dir='ltr'>et</span> <span class='ocrx_word' id='word_1_146' title='bbox 928 2268 1125 2333; x_wconf 85' lang='lat' dir='ltr'>ministretis.</span> <span class='ocrx_word' id='word_1_147' title='bbox 1162 2267 1308 2350; x_wconf 89' lang='lat' dir='ltr'>enpimus</span> 
     </span>
     <span class='ocr_line' id='line_1_19' title="bbox 185 2370 1309 2452; baseline -0.003 -13"><span class='ocrx_word' id='word_1_148' title='bbox 185 2371 290 2438; x_wconf 82' lang='lat' dir='ltr'>autem</span> <span class='ocrx_word' id='word_1_149' title='bbox 305 2388 559 2452; x_wconf 87' lang='lat' dir='ltr'>unumquemque</span> <span class='ocrx_word' id='word_1_150' title='bbox 574 2371 716 2435; x_wconf 86' lang='lat' dir='ltr'>uestrum</span> <span class='ocrx_word' id='word_1_151' title='bbox 733 2370 866 2435; x_wconf 84' lang='lat' dir='ltr'>eandem</span> <span class='ocrx_word' id='word_1_152' title='bbox 881 2370 1047 2436; x_wconf 88' lang='lat' dir='ltr'>ostendere</span> <span class='ocrx_word' id='word_1_153' title='bbox 1062 2370 1309 2436; x_wconf 78' lang='lat' dir='ltr'>sollicitudinem</span> 
     </span>
     <span class='ocr_line' id='line_1_20' title="bbox 185 2471 1306 2556; baseline 0 -18"><span class='ocrx_word' id='word_1_154' title='bbox 185 2472 226 2538; x_wconf 85' lang='lat' dir='ltr'>ed</span> <span class='ocrx_word' id='word_1_155' title='bbox 249 2473 455 2555; x_wconf 84' lang='lat' dir='ltr'>expletionem</span> <span class='ocrx_word' id='word_1_156' title='bbox 479 2473 545 2554; x_wconf 90' lang='lat' dir='ltr'>spei</span> <span class='ocrx_word' id='word_1_157' title='bbox 561 2489 660 2556; x_wconf 90' lang='lat' dir='ltr'>usque</span> <span class='ocrx_word' id='word_1_158' title='bbox 682 2473 714 2538; x_wconf 90' lang='lat' dir='ltr'>in</span> <span class='ocrx_word' id='word_1_159' title='bbox 730 2471 834 2549; x_wconf 83' lang='lat' dir='ltr'>finem,</span> <span class='ocrx_word' id='word_1_160' title='bbox 863 2474 973 2539; x_wconf 91' lang='lat' dir='ltr'>utnon</span> <span class='ocrx_word' id='word_1_161' title='bbox 989 2492 1102 2556; x_wconf 82' lang='lat' dir='ltr'>segnes</span> <span class='ocrx_word' id='word_1_162' title='bbox 1118 2472 1306 2552; x_wconf 75' lang='lat' dir='ltr'>efficiemini,</span> 
     </span>
     <span class='ocr_line' id='line_1_21' title="bbox 142 2576 1308 2659; baseline -0.002 -17"><span class='ocrx_word' id='word_1_163' title='bbox 142 2595 294 2657; x_wconf 75' lang='lat' dir='ltr'>„nerum</span> <span class='ocrx_word' id='word_1_164' title='bbox 325 2577 501 2642; x_wconf 77' lang='lat' dir='ltr'>imitatores</span> <span class='ocrx_word' id='word_1_165' title='bbox 535 2595 641 2642; x_wconf 90' lang='lat' dir='ltr'>eorum</span> <span class='ocrx_word' id='word_1_166' title='bbox 670 2577 723 2658; x_wconf 91' lang='lat' dir='ltr'>qni</span> <span class='ocrx_word' id='word_1_167' title='bbox 752 2576 816 2641; x_wconf 92' lang='lat' dir='ltr'>fide</span> <span class='ocrx_word' id='word_1_168' title='bbox 846 2577 878 2641; x_wconf 86' lang='lat' dir='ltr'>et</span> <span class='ocrx_word' id='word_1_169' title='bbox 905 2578 1057 2659; x_wconf 81' lang='lat' dir='ltr'>patientie</span> <span class='ocrx_word' id='word_1_170' title='bbox 1084 2577 1308 2642; x_wconf 81' lang='lat' dir='ltr'>hereditabunt</span> 
     </span>
     <span class='ocr_line' id='line_1_22' title="bbox 182 2679 1309 2763; baseline 0.001 -20"><span class='ocrx_word' id='word_1_171' title='bbox 182 2680 413 2763; x_wconf 84' lang='lat' dir='ltr'>promissiones.</span> <span class='ocrx_word' id='word_1_172' title='bbox 459 2679 506 2744; x_wconf 80' lang='lat' dir='ltr'>et</span> <span class='ocrx_word' id='word_1_173' title='bbox 542 2680 633 2761; x_wconf 90' lang='lat' dir='ltr'>post</span> <span class='ocrx_word' id='word_1_174' title='bbox 665 2681 727 2746; x_wconf 89' lang='lat' dir='ltr'>VII</span> <span class='ocrx_word' id='word_1_175' title='bbox 761 2699 918 2746; x_wconf 85' lang='lat' dir='ltr'>uersus:</span> <span class='ocrx_word' id='word_1_176' title='bbox 948 2681 1102 2746; x_wconf 90' lang='lat' dir='ltr'>Homines</span> <span class='ocrx_word' id='word_1_177' title='bbox 1136 2680 1218 2744; x_wconf 91' lang='lat' dir='ltr'>enim</span> <span class='ocrx_word' id='word_1_178' title='bbox 1251 2699 1309 2762; x_wconf 91' lang='lat' dir='ltr'>per</span> 
     </span>
     <span class='ocr_line' id='line_1_23' title="bbox 182 2782 1308 2859; baseline -0.001 -12"><span class='ocrx_word' id='word_1_179' title='bbox 182 2783 334 2848; x_wconf 80' lang='lat' dir='ltr'>maiorem</span> <span class='ocrx_word' id='word_1_180' title='bbox 364 2782 412 2848; x_wconf 92' lang='lat' dir='ltr'>eui</span> <span class='ocrx_word' id='word_1_181' title='bbox 440 2783 554 2859; x_wconf 86' lang='lat' dir='ltr'>iurent,</span> <span class='ocrx_word' id='word_1_182' title='bbox 585 2783 617 2847; x_wconf 89' lang='lat' dir='ltr'>et</span> <span class='ocrx_word' id='word_1_183' title='bbox 645 2783 746 2849; x_wconf 91' lang='lat' dir='ltr'>omnis</span> <span class='ocrx_word' id='word_1_184' title='bbox 775 2783 1009 2848; x_wconf 79' lang='lat' dir='ltr'>controuersiae</span> <span class='ocrx_word' id='word_1_185' title='bbox 1037 2803 1145 2848; x_wconf 89' lang='lat' dir='ltr'>eornm</span> <span class='ocrx_word' id='word_1_186' title='bbox 1170 2783 1242 2847; x_wconf 88' lang='lat' dir='ltr'>finis</span> <span class='ocrx_word' id='word_1_187' title='bbox 1266 2782 1308 2846; x_wconf 80' lang='lat' dir='ltr'>ed</span> 
     </span>
     <span class='ocr_line' id='line_1_24' title="bbox 181 2885 1308 2969; baseline -0.001 -19"><span class='ocrx_word' id='word_1_188' title='bbox 181 2885 451 2952; x_wconf 82' lang='lat' dir='ltr'>confirmationem</span> <span class='ocrx_word' id='word_1_189' title='bbox 496 2903 603 2953; x_wconf 89' lang='lat' dir='ltr'>eorum</span> <span class='ocrx_word' id='word_1_190' title='bbox 648 2887 697 2952; x_wconf 90' lang='lat' dir='ltr'>est</span> <span class='ocrx_word' id='word_1_191' title='bbox 739 2886 961 2952; x_wconf 79' lang='lat' dir='ltr'>iuramentum.</span> <span class='ocrx_word' id='word_1_192' title='bbox 1011 2887 1058 2951; x_wconf 78' lang='lat' dir='ltr'>Et</span> <span class='ocrx_word' id='word_1_193' title='bbox 1099 2886 1189 2969; x_wconf 89' lang='lat' dir='ltr'>post</span> <span class='ocrx_word' id='word_1_194' title='bbox 1232 2885 1308 2949; x_wconf 81' lang='lat' dir='ltr'>eli·</span> 
     </span>
     <span class='ocr_line' id='line_1_25' title="bbox 182 2988 1306 3072; baseline 0 -20"><span class='ocrx_word' id='word_1_195' title='bbox 182 2989 383 3072; x_wconf 84' lang='lat' dir='ltr'>quantum:</span> <span class='ocrx_word' id='word_1_196' title='bbox 416 2989 591 3054; x_wconf 82' lang='lat' dir='ltr'>Tensemus</span> <span class='ocrx_word' id='word_1_197' title='bbox 622 2990 689 3072; x_wconf 91' lang='lat' dir='ltr'>spei</span> <span class='ocrx_word' id='word_1_198' title='bbox 718 2990 842 3055; x_wconf 87' lang='lat' dir='ltr'>nostrae</span> <span class='ocrx_word' id='word_1_199' title='bbox 873 2991 1100 3057; x_wconf 83' lang='lat' dir='ltr'>confessionem</span> <span class='ocrx_word' id='word_1_200' title='bbox 1129 2988 1306 3053; x_wconf 78' lang='lat' dir='ltr'>indeclina-</span> 
     </span>
     <span class='ocr_line' id='line_1_26' title="bbox 141 3091 1310 3179; baseline 0.001 -24"><span class='ocrx_word' id='word_1_201' title='bbox 141 3127 168 3170; x_wconf 64' lang='lat'>‚5</span> <span class='ocrx_word' id='word_1_202' title='bbox 181 3091 277 3156; x_wconf 89' lang='lat' dir='ltr'>bilem</span> <span class='ocrx_word' id='word_1_203' title='bbox 299 3131 340 3139; x_wconf 96' lang='lat'><strong>—</strong></span> <span class='ocrx_word' id='word_1_204' title='bbox 363 3091 467 3156; x_wconf 87' lang='lat' dir='ltr'>fidelis</span> <span class='ocrx_word' id='word_1_205' title='bbox 495 3092 577 3157; x_wconf 91' lang='lat' dir='ltr'>enim</span> <span class='ocrx_word' id='word_1_206' title='bbox 605 3094 653 3157; x_wconf 88' lang='lat' dir='ltr'>est</span> <span class='ocrx_word' id='word_1_207' title='bbox 675 3094 729 3176; x_wconf 92' lang='lat' dir='ltr'>qui</span> <span class='ocrx_word' id='word_1_208' title='bbox 750 3095 992 3176; x_wconf 85' lang='lat' dir='ltr'>repromisit-</span> <span class='ocrx_word' id='word_1_209' title='bbox 1016 3097 1048 3159; x_wconf 87' lang='lat' dir='ltr'>et</span> <span class='ocrx_word' id='word_1_210' title='bbox 1070 3093 1310 3179; x_wconf 80' lang='lat' dir='ltr'>consideremus</span> 
     </span>
    </p>
   </div>
   <div class='ocr_carea' id='block_1_3' title="bbox 182 3279 1307 3432">
    <p class='ocr_par' dir='ltr' id='par_1_3' title="bbox 182 3279 1307 3432">
     <span class='ocr_line' id='line_1_27' title="bbox 283 3279 1307 3346; baseline 0.003 -14"><span class='ocrx_word' id='word_1_211' title='bbox 283 3279 506 3344; x_wconf 63' lang='lat' dir='ltr'>sospesne</span> <span class='ocrx_word' id='word_1_212' title='bbox 609 3281 882 3346; x_wconf 59' lang='lat' dir='ltr'>sneundune</span> <span class='ocrx_word' id='word_1_213' title='bbox 984 3284 1014 3336; x_wconf 95' lang='grc'>11</span> <span class='ocrx_word' id='word_1_214' title='bbox 1033 3281 1070 3337; x_wconf 90' lang='lat' dir='ltr'>ib.</span> <span class='ocrx_word' id='word_1_215' title='bbox 1090 3283 1123 3336; x_wconf 80' lang='lat'>14</span> <span class='ocrx_word' id='word_1_216' title='bbox 1220 3281 1252 3335; x_wconf 80' lang='lat'>13</span> <span class='ocrx_word' id='word_1_217' title='bbox 1269 3280 1307 3335; x_wconf 91' lang='lat' dir='ltr'>ib.</span> 
     </span>
     <span class='ocr_line' id='line_1_28' title="bbox 182 3363 1237 3432; baseline 0.002 -14"><span class='ocrx_word' id='word_1_218' title='bbox 182 3365 213 3419; x_wconf 87' lang='lat'>16</span> <span class='ocrx_word' id='word_1_219' title='bbox 302 3365 334 3417; x_wconf 87' lang='grc'>15</span> <span class='ocrx_word' id='word_1_220' title='bbox 351 3363 432 3419; x_wconf 88' lang='lat' dir='ltr'>Hobr.</span> <span class='ocrx_word' id='word_1_221' title='bbox 450 3365 473 3430; x_wconf 90' lang='lat'>6,</span> <span class='ocrx_word' id='word_1_222' title='bbox 494 3365 595 3418; x_wconf 88' lang='grc'><strong>10-12</strong></span> <span class='ocrx_word' id='word_1_223' title='bbox 689 3367 721 3421; x_wconf 92' lang='grc'>21</span> <span class='ocrx_word' id='word_1_224' title='bbox 740 3367 776 3420; x_wconf 89' lang='lat' dir='ltr'>ib.</span> <span class='ocrx_word' id='word_1_225' title='bbox 796 3368 828 3420; x_wconf 89' lang='lat'>16</span> <span class='ocrx_word' id='word_1_226' title='bbox 923 3367 957 3420; x_wconf 82' lang='lat'>24</span> <span class='ocrx_word' id='word_1_227' title='bbox 975 3367 1054 3422; x_wconf 86' lang='lat' dir='ltr'>Hebr.</span> <span class='ocrx_word' id='word_1_228' title='bbox 1074 3368 1115 3432; x_wconf 88' lang='lat'>10,</span> <span class='ocrx_word' id='word_1_229' title='bbox 1134 3367 1237 3420; x_wconf 83' lang='grc'>23-38</span> 
     </span>
    </p>
   </div>
   <div class='ocr_carea' id='block_1_4' title="bbox 179 3535 1307 3864">
    <p class='ocr_par' dir='ltr' id='par_1_4' title="bbox 179 3535 1307 3864">
     <span class='ocr_line' id='line_1_29' title="bbox 231 3535 1305 3605; baseline 0.001 -16"><span class='ocrx_word' id='word_1_230' title='bbox 231 3536 368 3590; x_wconf 75' lang='lat' dir='ltr'>dfrrmsm</span> <span class='ocrx_word' id='word_1_231' title='bbox 387 3535 482 3590; x_wconf 82' lang='lat' dir='ltr'><strong><em>MP¹O</em></strong></span> <span class='ocrx_word' id='word_1_232' title='bbox 570 3535 655 3605; x_wconf 74' lang='lat' dir='ltr'>5qus</span> <span class='ocrx_word' id='word_1_233' title='bbox 673 3535 786 3590; x_wconf 84' lang='lat' dir='ltr'>edmodu</span> <span class='ocrx_word' id='word_1_234' title='bbox 804 3553 832 3590; x_wconf 86' lang='lat'>111</span> <span class='ocrx_word' id='word_1_235' title='bbox 851 3551 1019 3590; x_wconf 85' lang='lat' dir='ltr'>ecemserone</span> <span class='ocrx_word' id='word_1_236' title='bbox 1036 3537 1074 3591; x_wconf 86' lang='lat' dir='ltr'><strong><em>M</em></strong></span> <span class='ocrx_word' id='word_1_237' title='bbox 1157 3539 1185 3590; x_wconf 92' lang='lat' dir='ltr'>in</span> <span class='ocrx_word' id='word_1_238' title='bbox 1204 3553 1305 3590; x_wconf 82' lang='lat' dir='ltr'>exscer-</span> 
     </span>
     <span class='ocr_line' id='line_1_30' title="bbox 179 3621 1304 3692; baseline -0.001 -14"><span class='ocrx_word' id='word_1_239' title='bbox 179 3639 293 3678; x_wconf 79' lang='lat' dir='ltr'>ueuone</span> <span class='ocrx_word' id='word_1_240' title='bbox 312 3624 339 3676; x_wconf 94' lang='lat' dir='ltr'><strong><em>P</em></strong></span> <span class='ocrx_word' id='word_1_241' title='bbox 432 3622 577 3690; x_wconf 85' lang='lat' dir='ltr'>6peueum</span> <span class='ocrx_word' id='word_1_242' title='bbox 595 3627 611 3676; x_wconf 76' lang='lat' dir='ltr'>d</span> <span class='ocrx_word' id='word_1_243' title='bbox 631 3623 668 3676; x_wconf 88' lang='grc' dir='ltr'>ΡΙ</span> <span class='ocrx_word' id='word_1_244' title='bbox 764 3622 893 3690; x_wconf 71' lang='lat' dir='ltr'>esuque</span> <span class='ocrx_word' id='word_1_245' title='bbox 908 3638 939 3674; x_wconf 84' lang='lat' dir='ltr'>ex</span> <span class='ocrx_word' id='word_1_246' title='bbox 955 3621 1032 3676; x_wconf 80' lang='lat' dir='ltr'>noun</span> <span class='ocrx_word' id='word_1_247' title='bbox 1046 3623 1102 3677; x_wconf 82' lang='lat' dir='ltr'>Sao</span> <span class='ocrx_word' id='word_1_248' title='bbox 1197 3624 1234 3692; x_wconf 89' lang='lat' dir='ltr'>et]</span> <span class='ocrx_word' id='word_1_249' title='bbox 1253 3639 1304 3677; x_wconf 86' lang='lat' dir='ltr'>om.</span> 
     </span>
     <span class='ocr_line' id='line_1_31' title="bbox 180 3707 1307 3778; baseline -0.003 -14"><span class='ocrx_word' id='word_1_250' title='bbox 180 3709 215 3764; x_wconf 90' lang='grc' dir='ltr'>ΡΙ</span> <span class='ocrx_word' id='word_1_251' title='bbox 329 3709 362 3761; x_wconf 91' lang='grc'>10</span> <span class='ocrx_word' id='word_1_252' title='bbox 389 3707 519 3761; x_wconf 85' lang='lat' dir='ltr'>ednurtue</span> <span class='ocrx_word' id='word_1_253' title='bbox 546 3707 620 3762; x_wconf 86' lang='lat' dir='ltr'>P’ao</span> <span class='ocrx_word' id='word_1_254' title='bbox 734 3710 786 3778; x_wconf 86' lang='lat' dir='ltr'>qui]</span> <span class='ocrx_word' id='word_1_255' title='bbox 816 3725 881 3778; x_wconf 85' lang='lat' dir='ltr'>queo</span> <span class='ocrx_word' id='word_1_256' title='bbox 907 3709 968 3762; x_wconf 84' lang='lat' dir='ltr'>Pau</span> <span class='ocrx_word' id='word_1_257' title='bbox 1085 3708 1117 3760; x_wconf 83' lang='lat'>12</span> <span class='ocrx_word' id='word_1_258' title='bbox 1144 3707 1307 3762; x_wconf 78' lang='lat' dir='ltr'>coniesnone</span> 
     </span>
     <span class='ocr_line' id='line_1_32' title="bbox 180 3793 1236 3864; baseline -0.002 -14"><span class='ocrx_word' id='word_1_259' title='bbox 180 3796 218 3850; x_wconf 87' lang='lat' dir='ltr'><strong><em>M</em></strong></span> <span class='ocrx_word' id='word_1_260' title='bbox 300 3793 358 3862; x_wconf 82' lang='grc' dir='ltr'>ΗΠ]</span> <span class='ocrx_word' id='word_1_261' title='bbox 377 3796 431 3846; x_wconf 87' lang='lat' dir='ltr'>tres</span> <span class='ocrx_word' id='word_1_262' title='bbox 449 3809 467 3846; x_wconf 85' lang='lat' dir='ltr'><em>a</em></span> <span class='ocrx_word' id='word_1_263' title='bbox 564 3793 596 3847; x_wconf 87' lang='grc'>13</span> <span class='ocrx_word' id='word_1_264' title='bbox 613 3805 698 3850; x_wconf 76' lang='lat' dir='ltr'>trouu</span> <span class='ocrx_word' id='word_1_265' title='bbox 716 3795 778 3852; x_wconf 81' lang='lat' dir='ltr'>MR</span> <span class='ocrx_word' id='word_1_266' title='bbox 869 3795 978 3864; x_wconf 58' lang='lat' dir='ltr'>medune</span> <span class='ocrx_word' id='word_1_267' title='bbox 995 3795 1040 3861; x_wconf 78' lang='lat'>1³¹,</span> <span class='ocrx_word' id='word_1_268' title='bbox 1058 3795 1124 3850; x_wconf 84' lang='lat' dir='ltr'>add.</span> <span class='ocrx_word' id='word_1_269' title='bbox 1144 3796 1200 3848; x_wconf 89' lang='lat' dir='ltr'>eius</span> <span class='ocrx_word' id='word_1_270' title='bbox 1218 3813 1236 3848; x_wconf 87' lang='lat' dir='ltr'>o</span> 
     </span>
    </p>
   </div>
   <div class='ocr_carea' id='block_1_5' title="bbox 179 3887 1307 4242">
    <p class='ocr_par' dir='ltr' id='par_1_5' title="bbox 179 3887 1306 4156">
     <span class='ocr_line' id='line_1_33' title="bbox 181 3887 1306 3987; baseline -0.006 -13"><span class='ocrx_word' id='word_1_271' title='bbox 181 3919 213 3974; x_wconf 82' lang='lat'>14</span> <span class='ocrx_word' id='word_1_272' title='bbox 230 3921 312 3987; x_wconf 72' lang='lat' dir='ltr'>gnere</span> <span class='ocrx_word' id='word_1_273' title='bbox 330 3915 368 3968; x_wconf 88' lang='lat' dir='ltr'><strong><em>M</em></strong></span> <span class='ocrx_word' id='word_1_274' title='bbox 449 3931 613 3970; x_wconf 79' lang='lat' dir='ltr'>rnuenrnmur</span> <span class='ocrx_word' id='word_1_275' title='bbox 630 3919 705 3986; x_wconf 79' lang='lat' dir='ltr'>(mon</span> <span class='ocrx_word' id='word_1_276' title='bbox 723 3916 767 3982; x_wconf 83' lang='grc' dir='ltr'>Μ)</span> <span class='ocrx_word' id='word_1_277' title='bbox 785 3916 846 3970; x_wconf 82' lang='lat' dir='ltr'>Mu</span> <span class='ocrx_word' id='word_1_278' title='bbox 929 3915 962 3968; x_wconf 84' lang='lat'>15</span> <span class='ocrx_word' id='word_1_279' title='bbox 981 3931 1126 3983; x_wconf 69' lang='lat' dir='ltr'>oportsuno</span> <span class='ocrx_word' id='word_1_280' title='bbox 1145 3915 1188 3978; x_wconf 88' lang='lat' dir='ltr'>M,</span> <span class='ocrx_word' id='word_1_281' title='bbox 1207 3887 1306 3984; x_wconf 60' lang='lat' dir='ltr'>opofno</span> 
     </span>
     <span class='ocr_line' id='line_1_34' title="bbox 181 4000 1306 4072; baseline -0.004 -13"><span class='ocrx_word' id='word_1_282' title='bbox 181 4005 303 4072; x_wconf 54' lang='grc' dir='ltr'><em>θώων.</em></span> <span class='ocrx_word' id='word_1_283' title='bbox 320 4017 355 4056; x_wconf 81' lang='lat' dir='ltr'>m.</span> <span class='ocrx_word' id='word_1_284' title='bbox 369 4001 427 4070; x_wconf 80' lang='lat' dir='ltr'>pr.)</span> <span class='ocrx_word' id='word_1_285' title='bbox 523 4002 583 4070; x_wconf 92' lang='lat' dir='ltr'>polo</span> <span class='ocrx_word' id='word_1_286' title='bbox 602 4003 639 4055; x_wconf 90' lang='lat' dir='ltr'><strong><em>M</em></strong></span> <span class='ocrx_word' id='word_1_287' title='bbox 732 4003 764 4056; x_wconf 80' lang='lat'>17</span> <span class='ocrx_word' id='word_1_288' title='bbox 782 4003 890 4071; x_wconf 76' lang='lat' dir='ltr'>sanetis]</span> <span class='ocrx_word' id='word_1_289' title='bbox 908 4017 960 4057; x_wconf 74' lang='lat' dir='ltr'>orn.</span> <span class='ocrx_word' id='word_1_290' title='bbox 978 4000 1074 4054; x_wconf 81' lang='lat' dir='ltr'><strong><em>MP¹O</em></strong></span> <span class='ocrx_word' id='word_1_291' title='bbox 1169 4001 1202 4054; x_wconf 89' lang='lat'>18</span> <span class='ocrx_word' id='word_1_292' title='bbox 1220 4003 1306 4054; x_wconf 80' lang='lat' dir='ltr'>osten·</span> 
     </span>
     <span class='ocr_line' id='line_1_35' title="bbox 179 4085 1235 4156; baseline -0.005 -11"><span class='ocrx_word' id='word_1_293' title='bbox 179 4094 236 4145; x_wconf 86' lang='lat' dir='ltr'>tere</span> <span class='ocrx_word' id='word_1_294' title='bbox 260 4105 295 4142; x_wconf 85' lang='lat' dir='ltr'>ao</span> <span class='ocrx_word' id='word_1_295' title='bbox 396 4085 566 4140; x_wconf 75' lang='lat' dir='ltr'>rohorrudrne</span> <span class='ocrx_word' id='word_1_296' title='bbox 590 4087 624 4140; x_wconf 85' lang='lat' dir='ltr'>ed</span> <span class='ocrx_word' id='word_1_297' title='bbox 647 4088 790 4156; x_wconf 70' lang='lat' dir='ltr'>erpherons</span> <span class='ocrx_word' id='word_1_298' title='bbox 814 4089 852 4142; x_wconf 88' lang='lat' dir='ltr'><strong><em>M</em></strong></span> <span class='ocrx_word' id='word_1_299' title='bbox 951 4087 985 4141; x_wconf 89' lang='grc'>19</span> <span class='ocrx_word' id='word_1_300' title='bbox 1008 4087 1181 4155; x_wconf 81' lang='lat' dir='ltr'>exphnonem</span> <span class='ocrx_word' id='word_1_301' title='bbox 1198 4088 1235 4141; x_wconf 81' lang='grc' dir='ltr'>Ρι</span> 
     </span>
    </p>

    <p class='ocr_par' dir='ltr' id='par_1_6' title="bbox 179 4171 1307 4242">
     <span class='ocr_line' id='line_1_36' title="bbox 179 4171 1307 4242; baseline -0.007 -9"><span class='ocrx_word' id='word_1_302' title='bbox 179 4174 312 4234; x_wconf 63' lang='lat' dir='ltr'>seruum*</span> <span class='ocrx_word' id='word_1_303' title='bbox 329 4173 357 4228; x_wconf 86' lang='lat' dir='ltr'><em>R</em></span> <span class='ocrx_word' id='word_1_304' title='bbox 434 4172 467 4224; x_wconf 88' lang='grc'>20</span> <span class='ocrx_word' id='word_1_305' title='bbox 484 4189 511 4226; x_wconf 86' lang='lat' dir='ltr'>nn</span> <span class='ocrx_word' id='word_1_306' title='bbox 529 4171 584 4226; x_wconf 82' lang='lat' dir='ltr'>inde</span> <span class='ocrx_word' id='word_1_307' title='bbox 602 4175 639 4227; x_wconf 90' lang='lat' dir='ltr'>P¹</span> <span class='ocrx_word' id='word_1_308' title='bbox 658 4175 694 4242; x_wconf 80' lang='lat' dir='ltr'>(in</span> <span class='ocrx_word' id='word_1_309' title='bbox 712 4179 782 4242; x_wconf 78' lang='lat' dir='ltr'>exp.)</span> <span class='ocrx_word' id='word_1_310' title='bbox 859 4173 892 4226; x_wconf 89' lang='grc'>22</span> <span class='ocrx_word' id='word_1_311' title='bbox 909 4179 999 4226; x_wconf 78' lang='lat' dir='ltr'>omnes</span> <span class='ocrx_word' id='word_1_312' title='bbox 1014 4173 1051 4226; x_wconf 89' lang='lat' dir='ltr'><strong><em>M</em></strong></span> <span class='ocrx_word' id='word_1_313' title='bbox 1123 4177 1307 4227; x_wconf 77' lang='lat' dir='ltr'>controuersrs</span> 
     </span>
    </p>
   </div>
   <div class='ocr_carea' id='block_1_6' title="bbox 179 4258 1237 4415">
    <p class='ocr_par' dir='ltr' id='par_1_7' title="bbox 179 4258 1237 4415">
     <span class='ocr_line' id='line_1_37' title="bbox 179 4258 1237 4335; baseline -0.007 -17"><span class='ocrx_word' id='word_1_314' title='bbox 179 4271 303 4335; x_wconf 62' lang='lat' dir='ltr'>penso</span> <span class='ocrx_word' id='word_1_315' title='bbox 317 4260 351 4328; x_wconf 83' lang='lat' dir='ltr'>P)</span> <span class='ocrx_word' id='word_1_316' title='bbox 369 4258 481 4314; x_wconf 80' lang='lat' dir='ltr'><strong><em>MPCR</em></strong></span> <span class='ocrx_word' id='word_1_317' title='bbox 558 4259 592 4314; x_wconf 88' lang='grc'>23</span> <span class='ocrx_word' id='word_1_318' title='bbox 610 4275 697 4314; x_wconf 89' lang='lat' dir='ltr'>eornm</span> <span class='ocrx_word' id='word_1_319' title='bbox 709 4260 902 4330; x_wconf 51' lang='lat' dir='ltr'>epponem,</span> <span class='ocrx_word' id='word_1_320' title='bbox 925 4275 1010 4314; x_wconf 78' lang='lat' dir='ltr'>one-o</span> <span class='ocrx_word' id='word_1_321' title='bbox 1084 4259 1160 4328; x_wconf 80' lang='lat' dir='ltr'>elque</span> <span class='ocrx_word' id='word_1_322' title='bbox 1177 4258 1237 4312; x_wconf 79' lang='grc' dir='ltr'>ΜΟ</span> 
     </span>
     <span class='ocr_line' id='line_1_38' title="bbox 179 4344 937 4415; baseline -0.008 -10"><span class='ocrx_word' id='word_1_323' title='bbox 179 4351 214 4406; x_wconf 80' lang='lat'>24</span> <span class='ocrx_word' id='word_1_324' title='bbox 230 4354 324 4402; x_wconf 76' lang='lat' dir='ltr'>neuter</span> <span class='ocrx_word' id='word_1_325' title='bbox 341 4345 378 4397; x_wconf 89' lang='grc' dir='ltr'><em>Μ</em></span> <span class='ocrx_word' id='word_1_326' title='bbox 477 4344 510 4397; x_wconf 85' lang='grc'>25</span> <span class='ocrx_word' id='word_1_327' title='bbox 528 4351 661 4414; x_wconf 79' lang='lat' dir='ltr'>repmnssrr</span> <span class='ocrx_word' id='word_1_328' title='bbox 679 4347 716 4399; x_wconf 90' lang='lat' dir='ltr'><strong><em>M</em></strong></span> <span class='ocrx_word' id='word_1_329' title='bbox 817 4347 852 4415; x_wconf 86' lang='lat' dir='ltr'>et]</span> <span class='ocrx_word' id='word_1_330' title='bbox 870 4348 901 4399; x_wconf 88' lang='lat' dir='ltr'>ut</span> <span class='ocrx_word' id='word_1_331' title='bbox 918 4361 937 4398; x_wconf 87' lang='lat' dir='ltr'><strong><em>a</em></strong></span> 
     </span>
    </p>
   </div>
   <div class='ocr_carea' id='block_1_7' title="bbox 232 4447 1199 4518">
    <p class='ocr_par' dir='ltr' id='par_1_8' title="bbox 232 4447 1199 4518">
     <span class='ocr_line' id='line_1_39' title="bbox 232 4447 1199 4518; baseline -0.006 -9"><span class='ocrx_word' id='word_1_332' title='bbox 232 4453 289 4518; x_wconf 82' lang='lat' dir='ltr'>ru,</span> <span class='ocrx_word' id='word_1_333' title='bbox 308 4451 374 4517; x_wconf 77' lang='lat' dir='ltr'>nug.</span> <span class='ocrx_word' id='word_1_334' title='bbox 392 4447 416 4513; x_wconf 82' lang='lat' dir='ltr'>e,</span> <span class='ocrx_word' id='word_1_335' title='bbox 436 4465 454 4504; x_wconf 89' lang='lat'>1.</span> <span class='ocrx_word' id='word_1_336' title='bbox 1168 4450 1199 4503; x_wconf 79' lang='lat' dir='ltr'>ru</span> 
     </span>
    </p>
   </div>
   <div class='ocr_carea' id='block_1_8' title="bbox 0 0 1588 4967">
    <p class='ocr_par' dir='ltr' id='par_1_9' title="bbox 0 0 1588 4967">
     <span class='ocr_line' id='line_1_40' title="bbox 0 0 1588 4967; baseline 0 0"><span class='ocrx_word' id='word_1_337' title='bbox 0 0 1588 4967; x_wconf 95' lang='lat' dir='ltr'> </span> 
     </span>
    </p>
   </div>
  </div>
 </body>
</html>
