3159 4967
277 433 342 500 332
503 432 551 487 De
568 430 694 486 diuinis
712 432 891 501 eoriptnrie
907 430 981 485 eine
998 431 1181 500 Speculum.
1252 474 1255 480 .

276 626 348 691 illei
378 622 614 701 comortamini,
643 622 785 705 gladium
816 640 908 687 auum
934 621 1086 688 uibrabit:
1110 640 1219 687 ereum
1241 640 1334 687 auum
1353 623 1407 687 te-

278 728 382 795 tendit
405 730 437 794 et
458 728 583 811 parabit
604 726 704 791 illum.
729 725 815 790 etin
838 744 875 790 eo
895 726 1022 808 parauit
1042 743 1122 791 naeu
1142 725 1262 791 mortio
1305 725 1409 790 Item

277 833 315 897 in
344 832 497 916 psalmo
526 831 668 897 XXIIII:
698 830 776 897 Viae
805 832 889 911 tuae,
920 831 1055 910 domine,
1084 831 1177 898 notae
1201 830 1253 897 fae
1273 831 1353 897 mihi
1376 832 1410 895 et

278 936 410 1001 semitas
438 936 512 1000 tues
542 934 640 1001 edoee
667 952 729 999 me.
773 934 873 999 Item
901 934 939 999 in
968 934 1121 1018 peulmo
1148 934 1271 1000 XXXI:
1299 932 1409 999 Nolite

277 1038 348 1104 fieri
372 1038 455 1104 mont
477 1056 575 1121 equus
599 1038 631 1102 et
652 1037 767 1116 mulne,
792 1038 906 1121 quibua
920 1056 981 1104 non
997 1038 1047 1104 eet
1059 1038 1257 1105 intellectuat
1271 1037 1304 1103 in
1318 1036 1409 1103 freno
1437 1058 1454 1099 ι

279 1143 313 1207 et
334 1160 424 1207 eume
446 1140 592 1206 maxillae
615 1158 723 1207 eorum
745 1140 925 1224 eonetuinge
947 1142 1002 1224 qui
1023 1160 1085 1207 non
1107 1141 1286 1225 proximant
1305 1139 1409 1207 aute.

278 1245 378 1310 Item
392 1244 431 1309 in
446 1244 595 1327 psalmo
610 1244 763 1311 XXXIII:
785 1243 940 1309 Aeeedite
955 1244 997 1311 au
1012 1244 1173 1311 dominum
1188 1244 1221 1309 et
1233 1244 1409 1309 iulumina-

276 1348 364 1427 milri,
400 1347 432 1414 et
463 1348 571 1414 uultne
603 1346 703 1413 uestri
736 1366 797 1413 non
831 1348 1027 1414 erubeeoent
1073 1347 1208 1415 (laetate
1237 1348 1271 1412 et
1297 1344 1410 1411 uidete

278 1450 427 1535 quoniam
450 1451 563 1544 :eneruis¹
581 1452 631 1516 eat
653 1450 814 1517 dominus:
840 1451 953 1517 beatua
975 1451 1034 1528 nir,
1057 1451 1112 1533 qui
1133 1451 1241 1534 eperat
1260 1450 1293 1515 in
1316 1452 1409 1515 enm!

277 1555 378 1620 Item
400 1556 438 1619 in
461 1554 598 1620 eodem
619 1554 789 1637 peelmo:
819 1554 943 1633 Venite,
965 1554 1022 1631 lili,
1046 1554 1154 1619 audite
1175 1572 1238 1631 me,
1259 1554 1452 1619 timoremro

279 1656 396 1723 domini
426 1656 545 1722 docebo
576 1676 642 1722 uos.
681 1658 752 1740 quie
782 1659 833 1723 eet
857 1658 951 1723 home
974 1657 1028 1740 qni
1049 1656 1120 1721 nult
1141 1656 1242 1721 ultam
1265 1656 1298 1720 et
1318 1656 1411 1738 eupit

276 1760 388 1826 uidere
412 1760 480 1826 diae
501 1761 621 1826 bonos?
646 1761 758 1827 cohibe
779 1761 921 1844 liugnam
942 1760 1031 1825 tuum
1055 1778 1074 1823 e
1094 1759 1180 1824 mulo
1203 1760 1236 1824 et
1248 1758 1337 1824 labie
1350 1758 1411 1821 tna

276 1880 316 1928 ne
345 1862 513 1945 loquantur
543 1861 660 1929 dolum.
698 1862 823 1928 declina
846 1862 970 1927 amolo
1000 1864 1032 1927 et
1060 1860 1110 1927 iao
1133 1862 1261 1939 bonurn,
1282 1861 1410 1943 inquIre

277 1983 390 2049 paoem
420 1966 452 2029 et
481 1983 613 2047 sequere
643 1983 722 2030 eam.
761 1965 836 2047 quia
865 1965 949 2029 oculi
979 1964 1098 2029 domiui
1128 1982 1221 2047 euper
1250 1964 1351 2029 iuetoe
1374 1964 1411 2027 et

278 2086 371 2132 auree
405 2069 472 2132 eiua
504 2068 536 2131 in
569 2086 680 2150 preoee
714 2086 831 2134 eorum.
875 2068 984 2133 uultus
1021 2068 1127 2133 autem
1162 2067 1280 2134 domiui
1312 2086 1409 2150 super
1424 2094 1452 2135 ις

280 2171 433 2237 iacientes
454 2170 549 2250 mela,
572 2171 609 2235 ut
629 2171 743 2255 perdat
766 2171 914 2236 deterre
935 2172 1120 2237 memoriam
1143 2190 1262 2237 eorum.
1305 2171 1409 2235 Item

225 2460 248 2501 a
277 2432 343 2493 Nisi
365 2433 567 2493 conuertomipi
589 2400 724 2507 gladium.
761 2434 800 2493 In
822 2436 945 2493 XXIIII:
967 2435 1036 2494 Vuae
1057 2436 1124 2493 tuae
1139 2433 1249 2492 domine
1263 2434 1349 2491 notes
1364 2433 1411 2491 luc

277 2518 357 2577 mini.
394 2520 432 2578 In
454 2520 558 2579 XXXI:
580 2520 675 2579 Nolite
696 2519 756 2577 fieri
779 2521 854 2577 sient
874 2537 973 2593 eqnne.
1010 2521 1050 2578 In
1071 2520 1201 2578 XXXIII:
1224 2518 1358 2577 Aeoedite
1373 2519 1411 2576 ad

278 2622 351 2665 eum.
394 2604 497 2663 Item:
527 2606 627 2665 Venite
654 2604 694 2663 fili
723 2622 835 2679 oeque
857 2606 956 2679 perdat
981 2602 1049 2683 (per
1070 2608 1103 2663 io
1124 2601 1253 2685 rosere>
1278 2605 1412 2664 deterre

225 2890 250 2947 μ
275 2861 425 2921 portamini
455 2861 590 2935 gladium.
628 2862 666 2920 In
696 2862 816 2921 XXIIII:
846 2862 915 2921 Viae
936 2863 1002 2921 tuae
1024 2861 1134 2921 domine
1155 2864 1239 2921 notes
1260 2862 1307 2921 lae
1326 2862 1410 2920 nihl.
1426 2882 1454 2920 eo

276 2947 317 3005 In
346 2947 451 3007 XXXI:
473 2947 568 3007 Nolite
590 2946 650 3005 fieri
673 2946 747 3005 sieut
768 2964 867 3021 equus.
905 2949 944 3006 In
965 2948 1097 3007 XXXIII:
1123 2948 1254 3006 Aceedite
1276 2947 1313 3006 ad
1334 2966 1409 3006 eum.

276 3032 382 3091 Item:
420 3032 518 3092 Venite
554 3030 605 3089 filii
641 3049 755 3106 usque
792 3033 892 3107 perdat
927 3034 960 3093 de
996 3035 1071 3091 terre
1107 3033 1267 3093 memoriam
1302 3049 1409 3091 eorum.

383 3283 654 3347 1Ps.7‚130t14
731 3285 907 3350 orante
978 3286 1155 3348 araone
1234 3287 1410 3353 7Pe.33‚6

277 3369 340 3423 ote
443 3369 477 3423 10
494 3369 529 3425 ib.
550 3369 651 3424 12-17

329 3608 474 3665 lurlnreuit
486 3616 511 3664 et
523 3611 758 3680 perenItMVLO
826 3610 971 3665 lineum
1037 3612 1077 3680 eo]
1089 3612 1147 3681 ipeo
1159 3612 1275 3668 ΜΗΘ
1341 3613 1409 3668 :ui-

277 3713 374 3767 cesimo
402 3714 494 3783 quarto
522 3712 545 3767 0
657 3716 734 3769 notae
761 3714 812 3783 fae]
841 3714 992 3769 demonstra
1019 3714 1060 3768 Co
1174 3716 1192 3768 4
1221 3716 1286 3770 doce
1311 3718 1339 3771 L

276 3830 390 3885 unxit
410 3830 444 3901 (n
461 3834 527 3901 ras.)
547 3834 596 3897 m,
622 3834 755 3889 tenesmo
778 3834 861 3903 primo
885 3834 908 3889 o
1013 3834 1030 3887 5
1052 3801 1111 3889 mii
1130 3836 1169 3890 nr
1267 3839 1297 3891 nn
1314 3838 1409 3908 quem

276 3936 314 3989 Μ
317 3934 367 3991 Vl]
463 3937 479 3990 6
498 3935 589 3989 chamo
609 3937 632 3992 0
717 3937 853 4007 confringe
871 3938 933 3991 ML
1020 3936 1203 4006 adproximant
1220 3940 1303 4011 (appr.
1322 3941 1355 4011 G)
1373 3943 1412 3995 M

280 4020 358 4077 VLO
434 4022 449 4074 7
467 4022 595 4075 tricesimo
613 4023 674 4077 'ieie
692 4022 715 4077 0
782 4022 895 4076 eooidite
913 4022 937 4076 S
1001 4020 1036 4075 ad
1054 4026 1085 4076 ei
1104 4022 1143 4076 Μ
1144 4023 1232 4079 VLCo
1317 4025 1335 4079 8
1352 4042 1410 4079 eru-

275 4106 395 4176 bemont]
415 4106 607 4162 oontundentur
626 4109 662 4163 Co
754 4109 770 4162 9
788 4110 818 4162 in
835 4124 866 4162 eo
886 4108 924 4163 Co
1016 4108 1049 4161 10
1065 4107 1134 4163 Item
1151 4108 1180 4163 in
1198 4110 1290 4164 eodem
1305 4112 1409 4180 pealnno

277 4192 315 4245 M
317 4190 403 4247 VLO:
421 4209 471 4247 om.
486 4192 509 4247 S
579 4194 628 4249 filii
645 4194 722 4251 VLC
795 4195 825 4248 ll
839 4195 904 4249 ulte.
917 4192 1006 4263 diIIgit
1017 4192 1074 4246 dies
1086 4194 1175 4248 uidere
1186 4194 1289 4250 bonoet
1301 4196 1340 4252 00

278 4277 310 4331 12
329 4278 447 4334 ooibeO
540 4280 574 4333 14
590 4286 714 4351 preqnere
733 4280 799 4335 LCo
893 4294 944 4334 om.
964 4280 1025 4349 qula
1043 4279 1172 4334 mvncv
1266 4282 1299 4335 15
1315 4281 1353 4351 ln]
1372 4284 1409 4337 ad

275 4362 363 4417 MLG
464 4366 496 4419 16
514 4366 638 4419 memorie
656 4367 693 4420 Μ
1361 4392 1364 4395 ·
