3159 4967
671 433 852 501 Speculum.
1259 431 1321 498 201

199 623 358 689 desideria
379 622 483 688 cordis
506 640 615 688 eorum
634 621 668 686 in
685 620 884 700 inmunditia,
907 622 943 685 ut
957 621 1157 686 contumeliis
1173 620 1325 686 adiciant

198 743 329 810 corpora
350 744 410 792 sua
431 726 463 790 in
487 724 589 790 semet
609 725 698 808 ipsis,
721 725 775 807 qui
798 724 1074 790 commntauemnt
1088 725 1256 792 dentatam
1272 724 1324 790 dei

197 831 230 895 in
259 829 470 907 mendacium,
501 830 535 893 et
562 828 728 894 coluerunt
757 829 791 892 et
819 828 997 893 seruierunt
1026 830 1189 894 creaturae
1219 829 1324 912 potius

199 951 294 1016 qnam
315 933 461 1010 creatori,
484 931 539 1013 qui
561 929 810 996 estbenedictus
825 930 857 994 in
872 929 1010 994 saecula.
1035 949 1135 996 amen.
1159 930 1325 1013 propterea

172 1036 333 1102 ctradidit
362 1036 435 1101 illos
469 1034 548 1100 dens
580 1035 613 1099 in
645 1033 808 1116 passiones
842 1033 1043 1116 ignominiae.
1082 1052 1156 1098 narn
1189 1033 1324 1098 laminae

199 1157 307 1205 eorum
335 1137 572 1205 inmutaueront
600 1137 776 1202 naturalem
804 1155 898 1202 usum
923 1137 954 1201 in
979 1155 1051 1200 eum
1072 1155 1175 1214 usum,
1199 1136 1253 1220 qui
1276 1136 1326 1200 cst

199 1243 309 1308 contra
337 1243 491 1308 naturam.
530 1240 676 1306 similitu
705 1240 813 1304 autem
843 1239 877 1306 et
897 1240 1031 1305 masculi
1053 1239 1165 1306 relicto
1188 1237 1325 1304 naturali

197 1363 257 1410 usn
280 1345 415 1410 feminae
439 1342 621 1410 exarserunt
640 1342 673 1406 in
696 1341 862 1406 desideriis
885 1341 951 1406 suis
965 1341 997 1406 in
1019 1341 1166 1418 inuicem,
1189 1337 1324 1406 masculi

196 1449 229 1512 in
265 1448 426 1513 masculos
461 1445 689 1528 turpitudinem
732 1445 898 1526 operantes
935 1445 967 1508 et
1003 1443 1193 1522 mercedem,
1230 1460 1325 1526 qnam

159 1571 186 1612 ro
199 1550 345 1634 oportuit,
369 1550 482 1615 erroris
504 1549 554 1614 sui
575 1549 608 1614 in
631 1548 734 1613 semet
760 1547 838 1630 ipsis
867 1548 1065 1631 recipientes.
1104 1548 1137 1612 et
1159 1547 1242 1612 sicat
1263 1563 1324 1612 non

197 1653 411 1736 probauerunt
439 1652 533 1717 deum
562 1653 679 1718 habere
706 1652 739 1716 in
761 1651 915 1728 notitiam,
942 1650 1075 1716 tradidit
1096 1651 1168 1717 illos
1191 1649 1270 1716 deus
1291 1649 1325 1714 in

197 1757 366 1839 reprobum
399 1773 537 1834 sermm,
571 1756 609 1821 ut
640 1755 759 1820 iaciant
792 1772 873 1837 quae
895 1773 956 1820 nou
989 1755 1154 1820 conuenit:
1187 1754 1325 1837 repletos

199 1861 282 1926 omni
297 1860 473 1943 iniquitate,
489 1859 623 1938 malitia,
645 1858 863 1937 fornicatione,
887 1858 1033 1936 anantio,
1050 1857 1200 1940 nequitia,
1216 1857 1326 1942 plenos

197 1963 327 2041 inuidia,
350 1963 529 2049 homicidio,
552 1961 761 2040 contentione,
784 1961 868 2040 dolo,
897 1960 1106 2044 malignitate,
1130 1977 1324 2036 susurrones,

159 2087 186 2128 re
199 2063 404 2142 detractores,
442 2065 500 2130 deo
537 2064 680 2143 odibiles,
720 2063 975 2140 contumeliosos,
1014 2064 1174 2146 superbos,
1214 2063 1324 2140 elatos,

197 2168 377 2234 inuentores
406 2168 572 2246 malorum,
601 2167 784 2250 parentibus
807 2185 866 2231 non
891 2165 1104 2244 oboedientes,
1131 2166 1324 2250 insipientes,

197 2272 418 2354 inconpositos,
441 2271 508 2336 sine
525 2269 699 2348 allectione,
723 2270 841 2352 absque
857 2267 994 2348 foedere,
1012 2269 1078 2334 sine
1093 2268 1325 2336 misericordia:

199 2375 252 2457 qni
275 2393 348 2440 cum
368 2375 523 2439 iustitiam
547 2373 599 2438 dei
614 2372 847 2464 cognouissent,
863 2390 925 2436 non
940 2371 1164 2438 intellexerunt
1179 2373 1326 2455 quoniam

200 2479 253 2561 qui
281 2477 361 2542 talia
383 2478 482 2561 agmt
504 2477 591 2559 digni
613 2477 687 2540 sunt
708 2476 819 2554 morte,
850 2493 912 2540 non
934 2474 1037 2540 solnm
1059 2475 1113 2558 qui
1136 2493 1175 2540 ea
1195 2474 1324 2552 faciunt,

159 2610 187 2651 ro
199 2580 257 2646 sed
279 2581 312 2645 et
333 2581 389 2663 qui
401 2579 601 2646 consentiunt
614 2579 812 2644 facientibus.
858 2578 989 2661 Propter
1005 2579 1090 2661 quod
1103 2577 1326 2644 inexcusabilis

200 2702 244 2763 ee,
268 2701 286 2748 o
308 2683 401 2748 homo
423 2683 534 2760 omnis,
560 2683 615 2765 qui
631 2681 764 2747 indicas
803 2682 836 2747 in
859 2701 920 2765 quo
944 2683 1025 2748 enim
1040 2680 1164 2747 iudicas
1180 2681 1325 2757 alterum,

197 2786 356 2868 teipsum
377 2785 585 2851 condemnas:
617 2785 729 2850 eadem
759 2785 843 2850 enirn
866 2785 935 2868 agis
960 2786 1014 2868 qui
1035 2784 1169 2851 iudicas.
1208 2784 1327 2850 scimus

200 2889 283 2954 euim
312 2889 459 2971 qnoniam
487 2886 639 2953 iudicium
673 2889 726 2953 dei
755 2889 805 2952 est
831 2888 1004 2954 secundum
1026 2887 1195 2954 ueritatem
1217 2888 1327 2953 ineos

200 2991 254 3073 qui
281 2990 363 3057 talia
391 2991 497 3074 agunt
537 2991 699 3056 existimas
729 2992 836 3056 autom
866 2994 935 3070 hoc,
960 3010 977 3056 o
1000 2993 1103 3068 homo,
1128 2991 1181 3074 qui
1203 2989 1327 3056 iudicas

160 3111 256 3164 rocos
284 3093 338 3176 qui
366 3094 446 3158 talia
475 3095 581 3177 agunt
613 3095 646 3159 et
674 3092 754 3160 facis
785 3113 833 3171 ca,
865 3095 939 3177 qnia
959 3094 995 3158 tn
1022 3094 1152 3176 effugies
1174 3093 1327 3159 iudicium

201 3195 275 3261 dei?
298 3215 336 3261 an
361 3197 491 3262 diuitias
511 3197 661 3262 bonitatis
684 3198 752 3262 eins
775 3198 808 3262 et
828 3198 1000 3280 patientiae
1024 3199 1057 3263 et
1078 3198 1327 3281 longanimitatis

200 3299 384 3377 contemnis,
414 3300 563 3382 ignorans
593 3300 740 3383 quoniam
761 3301 940 3385 benignitas
963 3301 1014 3366 dei
1038 3301 1079 3366 ad
1100 3301 1327 3384 paenitentiam

198 3402 232 3466 te
262 3402 414 3468 adducit?
443 3403 618 3468 secundum
652 3403 801 3468 duritiam
832 3405 938 3468 antem
965 3404 1055 3469 tuam
1079 3406 1111 3469 et
1131 3403 1327 3487 inpoenitens

200 3522 255 3568 cor
279 3505 477 3571 thesaurizas
504 3507 562 3572 tibi
596 3507 676 3572 iram
702 3507 734 3571 iu
764 3507 848 3572 diem
875 3509 941 3573 irae
965 3508 997 3573 et
1025 3509 1228 3574 reuelatiouis
1251 3506 1328 3573 insti

301 3669 336 3723 20
353 3671 428 3724 Rom
444 3671 470 3737 2,
490 3671 575 3726 1-10

252 3817 479 3873 immundiciam
496 3819 588 3885 (imm,
607 3822 693 3886 cnm)
712 3819 797 3874 RSoo
893 3820 957 3874 8in
975 3825 1041 3876 octe
1057 3821 1178 3890 inuicem]
1196 3836 1247 3874 ora.
1267 3818 1331 3874 MP
1399 3817 1403 3826 '

201 3904 224 3960 O
292 3904 323 3958 11
342 3919 453 3958 uorrrra
470 3905 543 3960 P’oo
620 3904 690 3974 illos]
709 3912 753 3959 cot
769 3889 841 3959 So'
891 3905 1261 3976 rafaciancladd.ea1³²o

201 4005 365 4044 conueniunt
378 3990 479 4046 P'Roo
560 3991 593 4046 18
606 3997 790 4059 cognomtrent
805 3997 918 4046 rudtrud
930 3991 960 4044 dl
973 3991 996 4046 S
1076 3992 1109 4046 19
1122 3993 1162 4061 ca]
1177 4007 1227 4047 om.
1241 3991 1264 4048 S

200 4075 385 4145 werlaon
402 4077 459 4132 P’o
535 4076 735 4132 marculfubrlcr
750 4077 788 4130 M
864 4077 897 4130 22
916 4079 968 4148 qm]
988 4094 1054 4148 quae
1073 4077 1175 4133 P’RSo
1252 4076 1287 4131 24
1304 4078 1329 4148 ο]

200 4179 251 4217 om.
277 4162 337 4216 ΜΟ
437 4163 471 4218 25
495 4164 564 4234 quia]
589 4163 658 4233 quod
680 4163 742 4218 cdd,
847 4164 879 4216 27
903 4165 1072 4220 contemnis?
1095 4166 1202 4234 ignoras
1225 4181 1261 4220 oo

200 4247 413 4422 &Intremui
426 4282 712 4352 M,1herrnumar0
789 4283 868 4353 diem]
887 4283 930 4338 dre
949 4285 1071 4340 P'RSoo
1151 4285 1332 4340 reuelanoncl
