3159 4967
395 459 442 515 De
459 458 585 515 diuinis
603 458 783 528 scripturis
800 458 871 512 sine
888 457 1070 526 Speculum
1230 458 1293 523 397

172 648 231 730 sui,
264 650 372 717 statim
401 650 438 715 ut
467 648 651 734 expanderit
678 667 790 715 manus
819 665 894 715 suas
922 648 954 713 in
983 645 1112 713 domum
1140 646 1231 725 lanc.
1258 646 1294 713 tu

172 753 320 821 exaudies
351 771 387 819 ex
416 752 604 836 praeparata
634 750 826 819 habitatione
849 751 884 816 et
902 748 1120 833 propitiaberis
1142 750 1176 815 et
1195 748 1295 815 iacies

170 852 426 923 iustificationem
445 854 618 923 secundum
633 872 741 919 omnes
756 854 827 919 nias
840 853 1019 936 rogantium
1032 854 1067 919 te
1078 853 1111 918 et
1121 850 1296 919 secundum

173 958 257 1040 quod
286 957 472 1042 cognoueris
501 975 556 1023 cor
585 956 735 1022 hominis:
767 954 915 1038 quoniam
943 956 979 1021 tu
1005 955 1091 1024 solus
1113 957 1177 1022 scis
1199 953 1296 1021 corda

146 1059 306 1127 tiliorum
342 1060 514 1137 hominum,
550 1059 588 1125 ut
618 1058 752 1125 timeant
783 1059 817 1123 te
850 1057 993 1130 omnibns
1026 1057 1149 1137 dietus,
1182 1058 1296 1140 quitus

172 1162 307 1229 morini
339 1180 432 1246 snper
461 1162 589 1228 terram.
634 1162 736 1227 Item
758 1162 795 1226 in
817 1161 970 1244 psalmo
991 1160 1116 1227 xxxrz
1135 1159 1296 1227 Delictum

170 1284 278 1331 meum
311 1265 472 1348 cognitum
500 1264 558 1331 tibi
588 1263 660 1342 leci,
692 1264 724 1329 et
751 1263 940 1331 iniustitiam
968 1280 1074 1329 meam
1094 1281 1156 1329 non
1177 1264 1296 1346 operui.

175 1366 253 1433 dixi:
285 1367 492 1450 pronuntiabo
528 1366 698 1435 aduersum
729 1385 781 1433 me
814 1365 1002 1433 iniustitiam
1033 1383 1138 1431 meum
1171 1363 1296 1431 domino

174 1483 255 1545 meo,
293 1470 326 1535 et
359 1471 396 1535 tu
431 1470 581 1535 remisisti
617 1469 813 1551 impietatem
849 1468 955 1537 cordis
989 1467 1063 1536 mei.
1120 1468 1222 1535 Item
1258 1467 1297 1531 in

133 1595 162 1637 ao
174 1570 324 1653 psalmo
354 1572 497 1639 XXIIII:
529 1572 656 1638 Delicta
677 1571 852 1638 iuuentutis
874 1573 907 1636 et
927 1570 1123 1655 ignorantiae
1144 1588 1236 1637 meae
1257 1588 1296 1637 ne

174 1675 363 1741 memineris.
397 1675 523 1758 propter
537 1694 649 1741 nomen
663 1676 764 1754 tuum
781 1674 916 1752 domine,
931 1672 1151 1757 propitiabeiis
1164 1673 1296 1756 peccato

174 1795 262 1843 meo:
291 1777 451 1860 copiosum
476 1778 525 1843 est
547 1776 639 1843 enim.
683 1776 780 1843 Item
801 1775 840 1841 in
861 1776 1009 1858 psalmo
1031 1774 1071 1839 L:
1100 1774 1298 1842 Sacrificium

174 1879 234 1947 deo
258 1880 388 1963 spiritus
409 1880 648 1959 contribulatus,
671 1898 725 1946 cor
747 1880 917 1947 contritum
940 1881 973 1945 et
989 1878 1189 1944 humiliatum
1219 1878 1298 1947 dens

175 2001 235 2048 non
267 1984 402 2065 spernet.
446 1984 546 2049 Item
575 1983 613 2047 in
647 1982 950 2049 ecclesiastico:
982 1980 1137 2063 Quoniam
1164 1981 1236 2064 pins
1267 1982 1299 2046 et

134 2086 354 2152 inmisericors
385 2083 539 2163 dominus,
571 2085 605 2152 et
631 2084 774 2151 remittet
804 2086 836 2151 in
858 2085 911 2151 die
931 2084 1145 2153 tribulationis
1166 2086 1299 2168 paccata

177 2187 320 2256 omnibus
343 2187 576 2271 exquirentibus
598 2202 632 2253 se
653 2185 686 2252 in
701 2186 848 2253 ueritate.
890 2189 991 2253 Item
1011 2186 1119 2255 illic:
1138 2186 1173 2253 si
1186 2187 1297 2271 paeni-

176 2290 308 2357 tentiam
330 2309 391 2356 non
414 2290 581 2373 egerimus,
597 2288 775 2355 incidemus
790 2289 823 2355 in
837 2305 949 2355 manua
965 2288 1091 2355 domini.
1126 2290 1299 2355 secundum

177 2392 426 2476 magnitudinem
450 2392 517 2457 eius
541 2392 574 2456 et
593 2390 812 2458 misericordia
834 2392 902 2457 eius
924 2410 996 2457 enm
1014 2392 1083 2474 ipso
1099 2392 1156 2456 est
1200 2393 1298 2457 Item

176 2495 282 2563 illic:
307 2494 368 2577 Qui
385 2491 489 2579 diligit
504 2492 673 2573 dominnm,
691 2493 834 2560 exorabit
847 2512 902 2578 pro
917 2494 1066 2578 peccatis,
1084 2496 1116 2559 et
1128 2494 1301 2560 continebit

134 2714 333 2790 aopopulitni
355 2713 460 2773 israhel
477 2708 776 2792 (melioratam).
809 2712 849 2771 In
869 2712 1009 2787 psalmo
1029 2712 1137 2773 mn:
1159 2713 1299 2774 Delictum
1329 2730 1351 2770 o

178 2816 269 2859 meum
298 2800 443 2874 cognitum
472 2798 525 2857 tibi
547 2798 611 2857 ieci.
654 2799 695 2858 ln
717 2798 756 2856 L:
790 2798 963 2857 Sacrificium
985 2798 1036 2857 deo
1058 2798 1176 2873 spiritns
1197 2800 1299 2857 conni-

178 2884 302 2945 tulatus.
338 2885 377 2944 In
400 2882 659 2944 ecclesiastico
681 2900 756 2957 cap.
843 2901 851 2940 c
875 2882 905 2941 si
926 2882 1112 2958 penitent'arn
1132 2899 1188 2943 non
1209 2884 1300 2959 egeri·

179 3098 272 3157 catum
304 3096 401 3174 populi
433 3096 476 3156 tui
508 3095 622 3156 israhel.
664 3096 704 3155 In
735 3096 872 3171 psalmo
896 3096 1003 3156 xxx1:
1036 3095 1177 3157 Delictum
1209 3114 1301 3159 meum
1329 3116 1353 3175 μ

180 3183 324 3257 cognitum
354 3182 409 3242 tibi
435 3181 499 3241 ieci.
543 3180 583 3241 In
604 3182 642 3241 L:
673 3180 846 3241 Sacrificium
872 3181 924 3241 deo
946 3180 1064 3257 spiritus
1086 3183 1299 3243 eontibnlatus.

137 3266 220 3333 saIn
242 3267 507 3329 ecclesiastico
529 3283 602 3342 cap.
625 3265 673 3327 11:
703 3266 733 3327 Si
755 3266 957 3343 paenitentiam
978 3282 1035 3326 non
1055 3267 1207 3343 egerimus,
1230 3269 1299 3328 inci-

282 3482 360 3538 cns.
378 3482 456 3548 81,5
537 3482 570 3536 10
586 3481 630 3537 Pa
647 3481 809 3549 satan
889 3480 922 3537 la
939 3481 982 3537 Pa
1001 3482 1042 3546 50,
1061 3482 1094 3536 19
1171 3483 1204 3537 14
1221 3482 1300 3541 aaa

179 3566 328 3639 2,11(13)
431 3568 464 3623 16
480 3568 517 3625 ib.
537 3566 569 3622 18
588 3567 631 3637 (22
650 3570 678 3621 et
694 3565 737 3635 23)
845 3566 1051 3633 lantonae

231 3770 249 3825 2
267 3770 449 3840 propitianeris
468 3769 491 3826 S
507 3770 560 3840 (sie
577 3770 662 3827 aium
679 3770 760 3837 iufra
778 3770 829 3824 lio.
846 3771 891 3837 11)
996 3772 1011 3824 7
1035 3787 1089 3827 non
1106 3774 1195 3842 operui
1212 3774 1303 3831 MVL

183 3854 218 3911 0:
244 3856 334 3926 operm
351 3860 413 3924 (em.
430 3858 494 3926 nou)
512 3855 536 3913 S
633 3854 651 3911 8
668 3854 793 3911 aduersus
810 3855 898 3911 MVO
988 3857 1134 3913 iniustitias
1149 3874 1223 3914 meas
1240 3860 1278 3915 M
1279 3859 1306 3914 V

183 3942 234 3997 Lo
334 3942 350 3996 9
372 3957 431 3996 meo
454 3956 505 4001 eeu.
528 3940 658 3999 annm
688 3974 692 3982 ·
758 3942 846 3996 uerba
866 3940 1096 3998 item-Delicta
1112 3944 1302 4001 iuuentutis-

183 4030 269 4083 -est
287 4029 357 4083 enim
380 4044 431 4085 om.
454 4028 572 4085 Mne
672 4028 706 4082 14
728 4030 835 4097 spernet
855 4026 934 4085 MV:
962 4029 1064 4098 spernit
1086 4029 1146 4098 SD,
1176 4030 1303 4100 despicies

186 4114 223 4169 Oc
307 4114 395 4171 aecta
410 4112 909 4180 Item-Quoniam--inneritate
925 4130 976 4168 orn.
993 4115 1109 4171 MVLG
1193 4117 1226 4170 15
1243 4117 1304 4173 diae

184 4200 207 4257 S
307 4200 339 4257 16
361 4200 426 4273 illic]
450 4202 478 4255 in
502 4201 680 4257 eedesiastico
704 4200 820 4257 MVLO
841 4201 894 4270 (sic
916 4201 1009 4269 infra)
1111 4204 1304 4272 meditantium

183 4286 207 4343 S
272 4287 304 4341 17
322 4285 489 4343 incaedemuu
507 4287 542 4351 S,
571 4286 709 4343 incidimus
728 4288 754 4343 L
824 4286 857 4348 18
873 4287 961 4343 uerte
977 4286 1088 4341 Item-
1101 4287 1154 4354 Qui
1170 4288 1303 4359 diligit-

182 4402 216 4412 -
229 4370 381 4427 exaudietur
401 4388 452 4429 orn.
469 4372 586 4429 MVLO
