3159 4967
1233 482 1311 529 v1111

222 642 433 711 Comexcrunt
446 646 571 727 praeter
586 662 714 711 manum
729 642 863 725 primam
878 646 1058 728 complures
1071 648 1151 715 01100
1168 649 1310 717 ciusdem

176 748 243 811 fere
267 747 387 815 sacculi
410 748 579 826 undecimi,
603 767 682 832 quas
705 766 778 813 cum
800 767 902 831 neque
925 769 945 815 a
966 750 1068 832 prima
1088 771 1185 819 manu
1207 773 1311 837 neque

176 849 260 913 inter
283 868 317 915 se
331 849 425 917 facile
442 851 685 934 distinguantur,
710 870 902 935 quamquam
916 852 1010 935 longe
1028 854 1157 921 diumsa
1170 857 1310 924 0001001-

177 952 245 1017 1010
268 954 350 1031 0001,
376 973 440 1022 000
461 956 536 1021 0010
558 955 601 1019 pr
621 954 769 1021 indicaui.
808 955 1096 1038 lnequcntiseimum
1124 959 1310 1027 mendorum

176 1074 279 1138 genus
304 1057 353 1121 cst
369 1077 386 1122 e
402 1057 552 1140 siglarum
578 1058 758 1123 confusione
777 1060 884 1125 natum
901 1061 938 1123 ut
951 1062 1133 1142 permutata
1148 1069 1222 1145 post
1239 1085 1310 1146 per,

178 1160 261 1241 puori
275 1160 353 1242 quia
367 1162 528 1243 quoniam,
554 1161 593 1225 01.
618 1180 748 1244 quorum
765 1180 868 1244 penca
889 1162 920 1227 in
938 1162 1172 1230 adnotationem
1193 1169 1309 1251 recepi,

178 1260 313 1344 plurima
337 1263 461 1329 silentio
483 1263 640 1347 praeterii.

222 1400 350 1467 Librum
374 1422 403 1467 u.
429 1401 458 1466 d.
483 1400 641 1469 Schwartz
664 1422 771 1468 meum
794 1405 824 1469 in
849 1424 941 1471 usum
964 1406 1084 1473 Romae
1107 1411 1249 1475 contulit.

223 1591 472 1657 Recentissimus
506 1592 644 1656 omnium
677 1592 801 1658 codex
834 1593 983 1677 Regius
1017 1596 1225 1664 Parisinus
1252 1600 1308 1665 101.
1331 1598 1365 1664 R

178 1698 265 1763 2473
297 1696 557 1761 membranaceus
592 1716 676 1763 saec.
699 1698 780 1762 XIII
812 1698 896 1781 long.
919 1699 994 1776 0‚2l
1017 1721 1058 1778 m,
1092 1700 1148 1765 101.
1171 1703 1246 1779 (118
1268 1725 1309 1768 m.

180 1802 326 1869 foliorum
355 1800 416 1865 166
445 1799 668 1865 miscellaneae
696 1802 768 1883 post
796 1802 887 1867 00010
914 1802 1092 1881 Lanlranci
1128 1806 1311 1884 Guimundi,

179 1906 332 1984 Pescennii,
364 1904 496 1971 aliorum
527 1903 645 1986 scripta
675 1902 846 1987 Speculum
877 1905 908 1971 S.
932 1907 1101 1990 Augustini
1130 1910 1314 1975 contincta

180 2008 479 2091 loli0100¹¹³usque
504 2007 543 2073 ad
566 2006 619 2071 fol.
643 2007 714 2071 166.
751 2008 887 2091 paginae
909 2009 990 2077 binis
1012 2010 1165 2077 columnis
1190 2011 1312 2077 diuisae

179 2114 336 2179 linearum
359 2111 434 2176 sunt
456 2110 730 2193 quadragenarum
751 2111 805 2175 uel
829 2111 914 2195 (inde
932 2113 1017 2177 alol.
1035 2114 1089 2197 82)
1112 2115 1312 2180 trecenorum

182 2234 394 2317 septenarum.
432 2230 557 2311 Incipit
584 2230 662 2295 ieter
684 2212 729 2299 eci
751 2234 929 2315 Aupustini
950 2234 1007 2315 qui
1028 2234 1212 2316 appellatur
1233 2235 1312 2318 Spe·

182 2338 298 2404 cuinam.
340 2336 418 2419 Quis
439 2336 579 2418 ipnorat.
618 2334 812 2419 Subscriptio
843 2336 907 2401 est:
937 2336 1083 2418 Explicit
1105 2336 1185 2403 tiber
1206 2341 1313 2404 sanati

182 2459 358 2543 Aupustini
380 2439 432 2541 epa
455 2458 511 2539 qui
530 2457 713 2541 appellatur
729 2457 906 2540 Speculum.
942 2458 1104 2546 Script'p
1127 2476 1227 2525 manu
1248 2462 1312 2542 fris

182 2564 300 2629 Tbome
323 2561 536 2627 Zernemontb
570 2562 694 2627 ordinis
727 2564 837 2644 fretra
869 2562 1108 2626 carmelitarum
1135 2563 1171 2627 be
1198 2565 1311 2629 marie.

181 2666 262 2731 inira
295 2664 405 2730 addita
438 2665 511 2729 sunt
546 2665 642 2729 baec:
680 2664 889 2730 Preaerientia
920 2665 1088 2734 uoiruniua
1120 2666 1208 2730 dedit
1239 2667 1314 2730 buia

184 2788 315 2852 librarie
351 2785 541 2850 reuerendus
575 2770 653 2869 mpr'e
685 2770 728 2850 ni
759 2786 863 2866 frater
891 2786 1088 2851 Laurentius
1116 2784 1247 2851 Bureiii
1276 2786 1313 2851 cie

181 2890 305 2955 sturione
327 2888 437 2954 Paris,
474 2889 645 2971 Incolopns
673 2891 779 2955 doctor
800 2887 1020 2954 Prmcineiulis
1044 2887 1193 2953 Narbone
1222 2890 1313 2953 sauci

183 2994 307 3059 aretinis
334 2992 511 3058 beatissime
536 2992 651 3057 matris
673 2992 723 3057 cici
745 2992 782 3057 cte
804 2997 907 3058 moute
935 2990 1083 3059 Carmeli.
1120 3011 1153 3055 eo
1181 2996 1314 3072 ternpore

181 3117 241 3179 pua
275 3094 421 3179 angliam
455 3100 485 3159 et
515 3100 622 3161 cinctu
656 3096 836 3177 parisiense
868 3096 1015 3161 uicarius
1052 3097 1119 3177 ipse
1151 3096 1311 3161 uisitauit.

185 3220 271 3283 Teste
297 3236 355 3283 suo
378 3216 588 3299 ebiroprnpbo
610 3215 639 3279 b'
664 3217 818 3297 apposito.
856 3216 954 3280 Auno
975 3202 1047 3281 Dii
1068 3216 1179 3281 mitie0.
1203 3216 1300 3282 ΙΙῙΙο

183 3314 384 3406 -nonapesimo
406 3325 519 3403 quanio
537 3320 646 3403 pridie
661 3320 832 3385 Kalendas
852 3320 1045 3384 nouemtres.
1068 3320 1105 3384 L.
1123 3320 1262 3388 Burcttr'.

225 3494 329 3560 Etiam
358 3494 452 3558 buius
480 3492 553 3559 libri
584 3494 616 3557 01
644 3492 739 3557 tertii·
762 3492 895 3557 alieuius
923 3510 1020 3556 manu
1043 3490 1161 3573 scripta
1183 3492 1312 3557 collatio

184 3599 370 3664 adseruntur
403 3598 435 3662 in
469 3596 662 3663 bibliotheca
694 3597 834 3661 maxims
866 3594 1045 3660 Perisicnei.
1084 3596 1162 3679 sign.
1195 3595 1310 3659 11662.

183 3701 324 3767 codicem
361 3720 440 3766 0000
471 3702 553 3767 1883
587 3700 706 3765 0001011
739 3699 946 3764 vindobonae
980 3718 1041 3781 qno
1076 3716 1147 3763 enm
1180 3698 1312 3781 rogante

184 3802 349 3869 academia
377 3804 555 3887 Leopoldus
588 3802 708 3869 Delisle
743 3820 867 3867 summa
901 3802 1096 3867 liberalitate
1126 3800 1311 3877 transmisit,

185 3926 263 3974 anno
287 3907 447 3991 superiore
470 3906 600 3973 Parisiis
621 3907 736 3971 iterum
757 3906 888 3989 inspexi.

225 4078 356 4145 Praeter
391 4096 444 4145 eos
477 4097 556 4161 quos
588 4077 682 4145 modo
712 4076 895 4145 enumerari
927 4076 1026 4144 libros
1053 4094 1149 4143 manu
1179 4074 1314 4157 comptos

183 4182 280 4266 pauci
307 4182 450 4251 eiusdem
477 4182 617 4249 familiae
640 4182 682 4247 ad
704 4182 784 4249 benc
813 4181 952 4247 aarum
973 4177 1194 4261 peruenerunt,
1226 4177 1315 4247 uelut

185 4284 248 4353 cluo
261 4286 479 4363 beescenses,
499 4302 578 4368 quos
594 4284 748 4367 cumipse
765 4283 970 4351 contulissem
986 4301 1043 4347 nec
1059 4281 1126 4349 iere
1141 4281 1315 4364 quuuquam

183 4388 379 4472 proiecturas
403 4388 443 4455 ad
467 4386 667 4455 0000010060
687 4386 816 4470 Speculi
836 4385 938 4453 uerba
955 4384 1193 4463 intellexissem,
1217 4404 1234 4449 e
1257 4402 1316 4450 su-
