<?xml version="1.0" encoding="UTF-8"?>
<!DOCTYPE html PUBLIC "-//W3C//DTD XHTML 1.0 Transitional//EN"
    "http://www.w3.org/TR/xhtml1/DTD/xhtml1-transitional.dtd">
<html xmlns="http://www.w3.org/1999/xhtml" xml:lang="en" lang="en">
 <head>
  <title>
</title>
<meta http-equiv="Content-Type" content="text/html;charset=utf-8" />
  <meta name='ocr-system' content='tesseract 3.04.00' />
  <meta name='ocr-capabilities' content='ocr_page ocr_carea ocr_par ocr_line ocrx_word'/>
</head>
<body>
  <div class='ocr_page' id='page_1' title='image "./corpusscriptoru19wissgoog_0058.png"; bbox 0 0 3159 4967; ppageno 0'>
   <div class='ocr_carea' id='block_1_1' title="bbox 271 422 292 469">
    <p class='ocr_par' dir='ltr' id='par_1_1' title="bbox 271 422 292 469">
     <span class='ocr_line' id='line_1_1' title="bbox 271 422 292 469; baseline 0 0"><span class='ocrx_word' id='word_1_1' title='bbox 271 422 292 469; x_wconf 79' lang='lat' dir='ltr'>L</span> 
     </span>
    </p>
   </div>
   <div class='ocr_carea' id='block_1_2' title="bbox 270 590 1408 2123">
    <p class='ocr_par' dir='ltr' id='par_1_2' title="bbox 270 590 1408 2123">
     <span class='ocr_line' id='line_1_2' title="bbox 271 590 1404 675; baseline 0.002 -18"><span class='ocrx_word' id='word_1_2' title='bbox 271 592 450 675; x_wconf 74' lang='lat' dir='ltr'><strong>praefectis,</strong></span> <span class='ocrx_word' id='word_1_3' title='bbox 474 590 587 657; x_wconf 81' lang='lat' dir='ltr'><strong>deinde</strong></span> <span class='ocrx_word' id='word_1_4' title='bbox 610 591 687 659; x_wconf 80' lang='lat' dir='ltr'><strong>uisis</strong></span> <span class='ocrx_word' id='word_1_5' title='bbox 711 590 903 658; x_wconf 79' lang='lat' dir='ltr'><strong>deetnssimis</strong></span> <span class='ocrx_word' id='word_1_6' title='bbox 926 592 979 674; x_wconf 86' lang='lat' dir='ltr'><strong>qui</strong></span> <span class='ocrx_word' id='word_1_7' title='bbox 1000 594 1033 657; x_wconf 86' lang='lat' dir='ltr'><strong>in</strong></span> <span class='ocrx_word' id='word_1_8' title='bbox 1057 590 1181 659; x_wconf 77' lang='lat' dir='ltr'><strong>stende</strong></span> <span class='ocrx_word' id='word_1_9' title='bbox 1195 590 1334 675; x_wconf 75' lang='lat' dir='ltr'><strong>Spatale</strong></span> <span class='ocrx_word' id='word_1_10' title='bbox 1351 612 1404 661; x_wconf 88' lang='lat' dir='ltr'><strong>me</strong></span> 
     </span>
     <span class='ocr_line' id='line_1_3' title="bbox 272 693 1403 779; baseline 0 -18"><span class='ocrx_word' id='word_1_11' title='bbox 272 696 397 779; x_wconf 83' lang='lat' dir='ltr'><strong>seriptis</strong></span> <span class='ocrx_word' id='word_1_12' title='bbox 428 696 493 763; x_wconf 87' lang='lat' dir='ltr'><strong>suis</strong></span> <span class='ocrx_word' id='word_1_13' title='bbox 520 694 574 760; x_wconf 88' lang='lat' dir='ltr'><strong>uel</strong></span> <span class='ocrx_word' id='word_1_14' title='bbox 600 694 716 763; x_wconf 86' lang='lat' dir='ltr'><strong>litteris</strong></span> <span class='ocrx_word' id='word_1_15' title='bbox 748 693 789 760; x_wconf 85' lang='lat' dir='ltr'><strong>ad</strong></span> <span class='ocrx_word' id='word_1_16' title='bbox 817 714 870 763; x_wconf 85' lang='lat' dir='ltr'><strong>me</strong></span> <span class='ocrx_word' id='word_1_17' title='bbox 898 694 984 763; x_wconf 80' lang='lat' dir='ltr'><strong>datis</strong></span> <span class='ocrx_word' id='word_1_18' title='bbox 1009 694 1204 763; x_wconf 84' lang='lat' dir='ltr'><strong>adiuuabant</strong></span> <span class='ocrx_word' id='word_1_19' title='bbox 1231 697 1266 761; x_wconf 90' lang='lat' dir='ltr'><strong>et</strong></span> <span class='ocrx_word' id='word_1_20' title='bbox 1288 698 1403 764; x_wconf 80' lang='lat' dir='ltr'><strong>exher-</strong></span> 
     </span>
     <span class='ocr_line' id='line_1_4' title="bbox 271 798 1404 882; baseline 0 -19"><span class='ocrx_word' id='word_1_21' title='bbox 271 800 429 877; x_wconf 77' lang='lat' dir='ltr'><strong>tanmem,</strong></span> <span class='ocrx_word' id='word_1_22' title='bbox 452 800 484 867; x_wconf 89' lang='lat' dir='ltr'><strong>in</strong></span> <span class='ocrx_word' id='word_1_23' title='bbox 506 800 615 882; x_wconf 88' lang='lat' dir='ltr'><strong>primis</strong></span> <span class='ocrx_word' id='word_1_24' title='bbox 639 798 721 867; x_wconf 82' lang='lat' dir='ltr'><strong>odil.</strong></span> <span class='ocrx_word' id='word_1_25' title='bbox 745 800 1010 867; x_wconf 75' lang='lat' dir='ltr'><strong>Buttmannet</strong></span> <span class='ocrx_word' id='word_1_26' title='bbox 1032 798 1069 863; x_wconf 91' lang='lat'><strong>0.</strong></span> <span class='ocrx_word' id='word_1_27' title='bbox 1095 798 1126 865; x_wconf 89' lang='lat' dir='ltr'><strong>S.</strong></span> <span class='ocrx_word' id='word_1_28' title='bbox 1148 800 1185 867; x_wconf 90' lang='lat' dir='ltr'><strong>B.</strong></span> <span class='ocrx_word' id='word_1_29' title='bbox 1210 798 1404 867; x_wconf 78' lang='lat' dir='ltr'><strong>Menaeensi.</strong></span> 
     </span>
     <span class='ocr_line' id='line_1_5' title="bbox 271 902 1405 986; baseline 0.001 -18"><span class='ocrx_word' id='word_1_30' title='bbox 271 922 329 969; x_wconf 81' lang='lat' dir='ltr'><strong>nee</strong></span> <span class='ocrx_word' id='word_1_31' title='bbox 358 904 462 969; x_wconf 86' lang='lat' dir='ltr'><strong>minus</strong></span> <span class='ocrx_word' id='word_1_32' title='bbox 490 904 580 986; x_wconf 80' lang='lat' dir='ltr'><strong>grate</strong></span> <span class='ocrx_word' id='word_1_33' title='bbox 610 902 715 969; x_wconf 87' lang='lat' dir='ltr'><strong>anime</strong></span> <span class='ocrx_word' id='word_1_34' title='bbox 743 902 913 971; x_wconf 71' lang='lat' dir='ltr'><strong>deuinctam</strong></span> <span class='ocrx_word' id='word_1_35' title='bbox 940 921 1010 969; x_wconf 86' lang='lat' dir='ltr'><strong>sam</strong></span> <span class='ocrx_word' id='word_1_36' title='bbox 1039 903 1154 972; x_wconf 86' lang='lat' dir='ltr'><strong>Iaeebo</strong></span> <span class='ocrx_word' id='word_1_37' title='bbox 1185 902 1405 986; x_wconf 76' lang='lat' dir='ltr'>Schlenger</span> 
     </span>
     <span class='ocr_line' id='line_1_6' title="bbox 272 1004 1403 1089; baseline -0.002 -14"><span class='ocrx_word' id='word_1_38' title='bbox 272 1006 467 1089; x_wconf 75' lang='lat' dir='ltr'><strong>Mogentine.</strong></span> <span class='ocrx_word' id='word_1_39' title='bbox 503 1006 597 1089; x_wconf 85' lang='lat' dir='ltr'><strong>atque</strong></span> <span class='ocrx_word' id='word_1_40' title='bbox 620 1006 647 1071; x_wconf 89' lang='lat' dir='ltr'><strong>si</strong></span> <span class='ocrx_word' id='word_1_41' title='bbox 670 1004 746 1088; x_wconf 83' lang='lat' dir='ltr'><strong>quid</strong></span> <span class='ocrx_word' id='word_1_42' title='bbox 775 1006 835 1073; x_wconf 84' lang='lat' dir='ltr'><strong>hee</strong></span> <span class='ocrx_word' id='word_1_43' title='bbox 866 1025 959 1088; x_wconf 74' lang='lat' dir='ltr'><strong>apere</strong></span> <span class='ocrx_word' id='word_1_44' title='bbox 980 1007 1152 1088; x_wconf 72' lang='lat' dir='ltr'><strong>profecisse</strong></span> <span class='ocrx_word' id='word_1_45' title='bbox 1173 1007 1316 1084; x_wconf 72' lang='lat' dir='ltr'><strong>uidebar,</strong></span> <span class='ocrx_word' id='word_1_46' title='bbox 1343 1008 1403 1073; x_wconf 83' lang='lat' dir='ltr'><strong>hee</strong></span> 
     </span>
     <span class='ocr_line' id='line_1_7' title="bbox 270 1108 1405 1181; baseline 0.005 -6"><span class='ocrx_word' id='word_1_47' title='bbox 270 1108 373 1177; x_wconf 81' lang='lat' dir='ltr'><strong>tetam</strong></span> <span class='ocrx_word' id='word_1_48' title='bbox 408 1109 539 1177; x_wconf 82' lang='lat' dir='ltr'><strong>detetur</strong></span> <span class='ocrx_word' id='word_1_49' title='bbox 574 1128 646 1175; x_wconf 88' lang='lat' dir='ltr'><strong>eum</strong></span> <span class='ocrx_word' id='word_1_50' title='bbox 679 1109 914 1177; x_wconf 85' lang='lat' dir='ltr'><strong>illustrissimae</strong></span> <span class='ocrx_word' id='word_1_51' title='bbox 947 1111 1141 1179; x_wconf 75' lang='lat' dir='ltr'><strong>Aeaismiae</strong></span> <span class='ocrx_word' id='word_1_52' title='bbox 1170 1109 1405 1181; x_wconf 67' lang='lat' dir='ltr'><strong>vindobonensi</strong></span> 
     </span>
     <span class='ocr_line' id='line_1_8' title="bbox 274 1212 1404 1299; baseline 0.002 -22"><span class='ocrx_word' id='word_1_53' title='bbox 274 1232 355 1296; x_wconf 85' lang='lat' dir='ltr'><strong>quae</strong></span> <span class='ocrx_word' id='word_1_54' title='bbox 382 1214 459 1279; x_wconf 90' lang='lat' dir='ltr'><strong>mihi</strong></span> <span class='ocrx_word' id='word_1_55' title='bbox 486 1212 716 1281; x_wconf 78' lang='lat' dir='ltr'><strong>officiosissime</strong></span> <span class='ocrx_word' id='word_1_56' title='bbox 739 1213 876 1296; x_wconf 84' lang='lat' dir='ltr'><strong>plurima</strong></span> <span class='ocrx_word' id='word_1_57' title='bbox 904 1214 1047 1282; x_wconf 70' lang='lat' dir='ltr'><strong>subsidia</strong></span> <span class='ocrx_word' id='word_1_58' title='bbox 1076 1214 1188 1282; x_wconf 83' lang='lat' dir='ltr'><strong>eritiea</strong></span> <span class='ocrx_word' id='word_1_59' title='bbox 1217 1213 1404 1299; x_wconf 81' lang='lat' dir='ltr'><strong>suppedita-</strong></span> 
     </span>
     <span class='ocr_line' id='line_1_9' title="bbox 272 1315 1404 1403; baseline 0.003 -22"><span class='ocrx_word' id='word_1_60' title='bbox 272 1315 364 1394; x_wconf 89' lang='lat' dir='ltr'><strong>uerit‚</strong></span> <span class='ocrx_word' id='word_1_61' title='bbox 398 1317 466 1385; x_wconf 90' lang='lat' dir='ltr'><strong>tum</strong></span> <span class='ocrx_word' id='word_1_62' title='bbox 499 1318 631 1385; x_wconf 86' lang='lat' dir='ltr'><strong>summis</strong></span> <span class='ocrx_word' id='word_1_63' title='bbox 666 1318 760 1400; x_wconf 85' lang='lat' dir='ltr'><strong>atque</strong></span> <span class='ocrx_word' id='word_1_64' title='bbox 796 1317 998 1403; x_wconf 75' lang='lat' dir='ltr'><strong>amplissimis</strong></span> <span class='ocrx_word' id='word_1_65' title='bbox 1032 1317 1207 1387; x_wconf 85' lang='lat' dir='ltr'><strong>duumuiris</strong></span> <span class='ocrx_word' id='word_1_66' title='bbox 1242 1317 1404 1389; x_wconf 72' lang='lat' dir='ltr'><strong>Guilelme</strong></span> 
     </span>
     <span class='ocr_line' id='line_1_10' title="bbox 273 1418 1408 1505; baseline 0.003 -20"><span class='ocrx_word' id='word_1_67' title='bbox 273 1418 313 1485; x_wconf 85' lang='lat' dir='ltr'><strong>de</strong></span> <span class='ocrx_word' id='word_1_68' title='bbox 335 1420 494 1501; x_wconf 76' lang='lat' dir='ltr'><strong>Restat,</strong></span> <span class='ocrx_word' id='word_1_69' title='bbox 526 1422 580 1505; x_wconf 88' lang='lat' dir='ltr'><strong>qui</strong></span> <span class='ocrx_word' id='word_1_70' title='bbox 608 1441 669 1489; x_wconf 88' lang='lat' dir='ltr'><strong>nen</strong></span> <span class='ocrx_word' id='word_1_71' title='bbox 698 1422 802 1488; x_wconf 88' lang='lat' dir='ltr'><strong>selum</strong></span> <span class='ocrx_word' id='word_1_72' title='bbox 828 1421 861 1487; x_wconf 88' lang='lat' dir='ltr'><strong>in</strong></span> <span class='ocrx_word' id='word_1_73' title='bbox 890 1421 1073 1489; x_wconf 84' lang='lat' dir='ltr'><strong>adornanda</strong></span> <span class='ocrx_word' id='word_1_74' title='bbox 1100 1423 1159 1487; x_wconf 82' lang='lat' dir='ltr'><strong>hae</strong></span> <span class='ocrx_word' id='word_1_75' title='bbox 1183 1421 1320 1490; x_wconf 74' lang='lat' dir='ltr'><strong>editions</strong></span> <span class='ocrx_word' id='word_1_76' title='bbox 1342 1440 1408 1504; x_wconf 82' lang='lat' dir='ltr'><strong>qna</strong></span> 
     </span>
     <span class='ocr_line' id='line_1_11' title="bbox 274 1524 1403 1609; baseline 0 -19"><span class='ocrx_word' id='word_1_77' title='bbox 274 1524 323 1591; x_wconf 89' lang='lat' dir='ltr'><strong>est</strong></span> <span class='ocrx_word' id='word_1_78' title='bbox 343 1524 538 1595; x_wconf 74' lang='lat' dir='ltr'><strong>humanitate</strong></span> <span class='ocrx_word' id='word_1_79' title='bbox 563 1526 595 1589; x_wconf 82' lang='lat' dir='ltr'><strong>et</strong></span> <span class='ocrx_word' id='word_1_80' title='bbox 610 1524 805 1609; x_wconf 68' lang='lat' dir='ltr'><strong>benignitate</strong></span> <span class='ocrx_word' id='word_1_81' title='bbox 821 1544 945 1607; x_wconf 79' lang='lat' dir='ltr'><strong>semper</strong></span> <span class='ocrx_word' id='word_1_82' title='bbox 958 1525 1037 1591; x_wconf 87' lang='lat' dir='ltr'><strong>miti</strong></span> <span class='ocrx_word' id='word_1_83' title='bbox 1052 1524 1197 1603; x_wconf 81' lang='lat' dir='ltr'><strong>adiuerit,</strong></span> <span class='ocrx_word' id='word_1_84' title='bbox 1221 1524 1278 1592; x_wconf 79' lang='lat' dir='ltr'><strong>sed</strong></span> <span class='ocrx_word' id='word_1_85' title='bbox 1293 1524 1403 1603; x_wconf 75' lang='lat' dir='ltr'><strong>etism,</strong></span> 
     </span>
     <span class='ocr_line' id='line_1_12' title="bbox 273 1628 1406 1711; baseline 0.001 -19"><span class='ocrx_word' id='word_1_86' title='bbox 273 1645 345 1693; x_wconf 84' lang='lat' dir='ltr'><strong>enm</strong></span> <span class='ocrx_word' id='word_1_87' title='bbox 381 1646 470 1695; x_wconf 84' lang='lat' dir='ltr'><strong>mora</strong></span> <span class='ocrx_word' id='word_1_88' title='bbox 502 1628 762 1711; x_wconf 61' lang='lat' dir='ltr'><strong>interponeretur,</strong></span> <span class='ocrx_word' id='word_1_89' title='bbox 797 1628 978 1697; x_wconf 80' lang='lat' dir='ltr'><strong>Luciferum</strong></span> <span class='ocrx_word' id='word_1_90' title='bbox 1006 1648 1099 1695; x_wconf 88' lang='lat' dir='ltr'><strong>sunm</strong></span> <span class='ocrx_word' id='word_1_91' title='bbox 1129 1628 1337 1704; x_wconf 67' lang='lat' dir='ltr'><strong>substituent,</strong></span> <span class='ocrx_word' id='word_1_92' title='bbox 1371 1628 1406 1693; x_wconf 91' lang='lat' dir='ltr'><strong>et</strong></span> 
     </span>
     <span class='ocr_line' id='line_1_13' title="bbox 273 1728 1405 1815; baseline 0.004 -20"><span class='ocrx_word' id='word_1_93' title='bbox 273 1728 433 1814; x_wconf 81' lang='lat' dir='ltr'><strong>Lespeldo</strong></span> <span class='ocrx_word' id='word_1_94' title='bbox 455 1731 613 1799; x_wconf 84' lang='lat' dir='ltr'><strong>Dalisle</strong></span> <span class='ocrx_word' id='word_1_95' title='bbox 643 1729 683 1797; x_wconf 87' lang='lat' dir='ltr'><strong>de</strong></span> <span class='ocrx_word' id='word_1_96' title='bbox 711 1730 857 1799; x_wconf 81' lang='lat' dir='ltr'><strong>eruentis</strong></span> <span class='ocrx_word' id='word_1_97' title='bbox 880 1732 1042 1799; x_wconf 85' lang='lat' dir='ltr'><strong>eodieibua</strong></span> <span class='ocrx_word' id='word_1_98' title='bbox 1065 1732 1181 1815; x_wconf 78' lang='lat' dir='ltr'><strong>optime</strong></span> <span class='ocrx_word' id='word_1_99' title='bbox 1202 1732 1326 1809; x_wconf 73' lang='lat' dir='ltr'><strong>metite,</strong></span> <span class='ocrx_word' id='word_1_100' title='bbox 1349 1732 1405 1814; x_wconf 80' lang='lat' dir='ltr'><strong>qui</strong></span> 
     </span>
     <span class='ocr_line' id='line_1_14' title="bbox 274 1832 1403 1916; baseline 0.001 -19"><span class='ocrx_word' id='word_1_101' title='bbox 274 1834 306 1900; x_wconf 83' lang='lat' dir='ltr'><strong>et</strong></span> <span class='ocrx_word' id='word_1_102' title='bbox 328 1833 459 1899; x_wconf 80' lang='lat' dir='ltr'><strong>eonsssie</strong></span> <span class='ocrx_word' id='word_1_103' title='bbox 483 1833 515 1898; x_wconf 91' lang='lat' dir='ltr'><strong>et</strong></span> <span class='ocrx_word' id='word_1_104' title='bbox 534 1833 674 1916; x_wconf 84' lang='lat' dir='ltr'><strong>exemplo</strong></span> <span class='ocrx_word' id='word_1_105' title='bbox 697 1834 775 1899; x_wconf 84' lang='lat' dir='ltr'><strong>haee</strong></span> <span class='ocrx_word' id='word_1_106' title='bbox 799 1834 907 1900; x_wconf 85' lang='lat' dir='ltr'><strong>studia</strong></span> <span class='ocrx_word' id='word_1_107' title='bbox 928 1833 1153 1901; x_wconf 85' lang='lat' dir='ltr'><strong>subleuauerit</strong></span> <span class='ocrx_word' id='word_1_108' title='bbox 1188 1833 1302 1916; x_wconf 77' lang='lat' dir='ltr'><strong>quibas</strong></span> <span class='ocrx_word' id='word_1_109' title='bbox 1324 1832 1403 1900; x_wconf 87' lang='lat' dir='ltr'><strong>uiris</strong></span> 
     </span>
     <span class='ocr_line' id='line_1_15' title="bbox 273 1936 1404 2021; baseline -0.001 -20"><span class='ocrx_word' id='word_1_110' title='bbox 273 1936 457 2005; x_wconf 80' lang='lat' dir='ltr'><strong>clarissimis</strong></span> <span class='ocrx_word' id='word_1_111' title='bbox 488 1938 608 2021; x_wconf 83' lang='lat' dir='ltr'><strong>gratias</strong></span> <span class='ocrx_word' id='word_1_112' title='bbox 638 1954 697 2021; x_wconf 76' lang='lat' dir='ltr'><strong>age</strong></span> <span class='ocrx_word' id='word_1_113' title='bbox 725 1937 832 2005; x_wconf 80' lang='lat' dir='ltr'><strong>tantas</strong></span> <span class='ocrx_word' id='word_1_114' title='bbox 859 1938 995 2021; x_wconf 85' lang='lat' dir='ltr'><strong>quantas</strong></span> <span class='ocrx_word' id='word_1_115' title='bbox 1022 1937 1144 2003; x_wconf 85' lang='lat' dir='ltr'><strong>animus</strong></span> <span class='ocrx_word' id='word_1_116' title='bbox 1171 1955 1262 2003; x_wconf 88' lang='lat' dir='ltr'><strong>meus</strong></span> <span class='ocrx_word' id='word_1_117' title='bbox 1290 1954 1404 2018; x_wconf 76' lang='lat' dir='ltr'><strong>sapam</strong></span> 
     </span>
     <span class='ocr_line' id='line_1_16' title="bbox 272 2039 561 2123; baseline -0.003 -18"><span class='ocrx_word' id='word_1_118' title='bbox 272 2039 378 2123; x_wconf 84' lang='lat' dir='ltr'><strong>petest</strong></span> <span class='ocrx_word' id='word_1_119' title='bbox 399 2040 561 2107; x_wconf 84' lang='lat' dir='ltr'><strong>maximas.</strong></span> 
     </span>
    </p>
   </div>
   <div class='ocr_carea' id='block_1_3' title="bbox 316 2193 1114 2263">
    <p class='ocr_par' dir='ltr' id='par_1_3' title="bbox 316 2193 1114 2263">
     <span class='ocr_line' id='line_1_17' title="bbox 316 2193 1114 2263; baseline -0.005 -3"><span class='ocrx_word' id='word_1_120' title='bbox 316 2193 499 2261; x_wconf 81' lang='lat' dir='ltr'><strong>Scribebam</strong></span> <span class='ocrx_word' id='word_1_121' title='bbox 522 2194 728 2263; x_wconf 81' lang='lat' dir='ltr'><strong>vindobonae</strong></span> <span class='ocrx_word' id='word_1_122' title='bbox 754 2196 904 2261; x_wconf 85' lang='lat' dir='ltr'><strong>autumno</strong></span> <span class='ocrx_word' id='word_1_123' title='bbox 928 2195 999 2260; x_wconf 91' lang='lat' dir='ltr'><strong>anni</strong></span> <span class='ocrx_word' id='word_1_124' title='bbox 1023 2194 1114 2261; x_wconf 84' lang='lat'>1886.</span> 
     </span>
    </p>
   </div>
   <div class='ocr_carea' id='block_1_4' title="bbox 957 2420 1356 2511">
    <p class='ocr_par' dir='ltr' id='par_1_4' title="bbox 957 2420 1356 2511">
     <span class='ocr_line' id='line_1_18' title="bbox 957 2420 1356 2511; baseline 0.01 -6"><span class='ocrx_word' id='word_1_125' title='bbox 957 2434 1157 2511; x_wconf 69' lang='lat' dir='ltr'><strong>iussisses</strong></span> <span class='ocrx_word' id='word_1_126' title='bbox 1181 2420 1356 2509; x_wconf 63' lang='lat' dir='ltr'><strong>&#39;dimat-</strong></span> 
     </span>
    </p>
   </div>
   <div class='ocr_carea' id='block_1_5' title="bbox 0 0 1588 4967">
    <p class='ocr_par' dir='ltr' id='par_1_5' title="bbox 0 0 1588 4967">
     <span class='ocr_line' id='line_1_19' title="bbox 0 0 1588 4967; baseline 0 0"><span class='ocrx_word' id='word_1_127' title='bbox 0 0 1588 4967; x_wconf 95' lang='lat' dir='ltr'><strong> </strong></span> 
     </span>
    </p>
   </div>
  </div>
 </body>
</html>
