3159 4967
287 436 350 502 490
509 435 557 490 De
575 433 702 488 diuinis
719 433 897 501 scripturis
916 437 986 486 slus
1004 433 1187 501 Speculum.

286 624 373 700 tuae,
397 624 429 688 et
444 623 504 688 erit
518 623 550 686 in
567 621 733 686 saturitate
750 621 782 684 et
796 620 995 704 pinguedine.
1033 621 1132 686 Item
1154 621 1262 686 illic:
1285 621 1415 706 Adpro-

287 729 390 809 pricnt
413 727 446 792 et
468 726 653 792 adnuntient
672 725 764 790 uobis
787 743 868 806 quse
888 726 1020 790 uentura
1036 726 1117 802 suut,
1144 726 1198 789 aut
1213 725 1317 807 priore
1329 745 1416 808 queo

287 829 414 895 luerunt
442 829 548 906 dicite,
579 827 613 891 et
639 827 839 892 intendemus
868 827 982 904 mente,
1015 828 1047 891 et
1076 845 1301 909 cognoscemus
1332 848 1415 912 quae

289 933 381 997 crunt
401 932 574 998 nouissima
588 932 621 996 et
636 950 717 1014 quae
735 931 869 997 neutum
885 931 957 996 suut
978 931 1010 994 in
1024 932 1205 1010 nouissimo,
1230 933 1262 998 et
1277 934 1416 1000 sciemus

289 1037 435 1119 quoniam
466 1036 509 1100 dii
539 1035 625 1101 estis.
663 1035 839 1101 benefacite
869 1035 922 1102 uel
950 1037 1071 1113 nocete,
1103 1036 1136 1100 ct
1164 1036 1358 1114 mischinum,
1383 1040 1417 1102 et
1445 1058 1459 1097 ε

288 1139 475 1204 uidebimus.
515 1139 628 1203 etenim
651 1138 736 1202 nude
759 1139 836 1202 estis
859 1158 926 1216 uos,
951 1139 983 1204 ot
998 1139 1081 1204 unde
1097 1139 1261 1204 fabricatio
1284 1141 1416 1206 nesus?

289 1244 328 1309 do
351 1244 436 1309 terre
459 1243 698 1308 abominationis
721 1242 886 1324 elegerunt
908 1261 974 1307 uos.
1013 1261 1086 1306 nem
1110 1261 1146 1306 ex
1169 1243 1315 1325 gentibus
1339 1263 1416 1310 ecce

287 1366 379 1411 nemo
402 1347 541 1424 estnec
566 1367 584 1410 s
606 1346 784 1412 simulacris
809 1365 916 1412 eorum
943 1348 997 1428 qni
1018 1346 1171 1410 nuntient.
1209 1347 1241 1411 et
1264 1347 1292 1412 si
1312 1348 1416 1414 inter-

287 1469 455 1533 rogauero:
478 1450 562 1516 unde
586 1446 684 1516 estis?
706 1469 766 1516 nou
788 1450 1023 1532 respondebunt
1039 1450 1132 1514 mihi:
1160 1451 1233 1514 sunt
1255 1451 1338 1516 enim
1362 1452 1415 1534 qui

287 1573 346 1620 nos
366 1553 496 1629 faciunt,
520 1554 628 1635 etqui
651 1571 732 1618 uene
755 1553 911 1618 seducunt
932 1571 999 1618 uos.
1044 1553 1145 1616 Item
1167 1553 1271 1617 illic:
1294 1555 1416 1620 Erube-
1433 1571 1460 1610 ιο

288 1656 367 1721 scite
397 1657 510 1721 rubore
541 1658 593 1737 qui
624 1655 818 1721 confidentes
844 1656 876 1720 in
901 1657 1109 1739 sculptilibus,
1134 1657 1188 1738 qui
1211 1654 1316 1722 dicitis
1339 1677 1415 1722 con-

288 1758 454 1823 flatilibus:
485 1776 541 1822 nos
565 1759 641 1822 estis
665 1758 708 1822 dii
730 1758 838 1824 nostri.
877 1758 974 1834 surdi,
999 1759 1117 1836 cudite,
1141 1761 1174 1825 et
1195 1761 1294 1836 caeci,
1315 1761 1415 1842 respi-

288 1862 361 1938 cito,
385 1863 421 1924 ut
441 1860 587 1926 uideatis.
623 1861 655 1924 et
677 1862 730 1943 qui
752 1861 850 1938 caeci,
873 1861 933 1926 nisi
955 1863 1043 1943 pueri
1066 1862 1152 1928 mei?
1187 1863 1294 1944 etqui
1318 1863 1414 1938 studi,

289 1964 348 2028 nisi
382 1964 436 2046 qui
470 1962 668 2028 dominantur
701 1967 830 2028 eorum?
869 1964 901 2027 et
935 1963 1095 2028 excaecuti
1130 1965 1202 2029 sunt
1235 1965 1320 2030 serui
1353 1965 1414 2029 dci.

289 2067 389 2130 Item
414 2065 521 2130 illic:
555 2065 664 2130 Nonne
696 2066 735 2131 eb
764 2066 853 2130 initio
888 2066 1029 2145 audistis,
1065 2067 1097 2132 et
1129 2067 1270 2132 nuntiaui
1302 2068 1459 2134 uobislns

238 2295 260 2334 α
290 2292 404 2348 nsque
426 2279 456 2336 et
476 2277 658 2350 pinguedine.
702 2278 790 2335 Item
813 2294 885 2351 cap.
980 2277 1184 2352 :Adpropient
1205 2279 1233 2336 et
1248 2277 1416 2338 adnuntient

290 2377 404 2435 usqne
427 2362 564 2421 seducunt
589 2379 647 2420 nos.
692 2363 785 2421 Item
808 2379 881 2436 cap.
998 2382 1004 2420 :
1034 2363 1199 2420 Erubescite
1221 2381 1333 2437 usque
1356 2379 1414 2422 ser·

226 2499 229 2503 .
289 2447 391 2505 ulmus.
436 2448 526 2506 Item
547 2465 621 2523 cap.
711 2449 839 2507 :Nonne
862 2449 897 2505 eb
919 2447 1002 2506 initio
1024 2447 1145 2506 audistis
1166 2465 1276 2523 nsque
1298 2451 1416 2523 peecata

237 2657 261 2716 μ
287 2634 438 2695 lamminas
469 2635 643 2708 sculptilium
672 2635 784 2708 argenti
806 2635 848 2694 tui
878 2651 989 2708 usque
1018 2637 1048 2693 et
1075 2636 1158 2710 panis
1187 2637 1302 2709 frugum
1323 2637 1415 2694 terres

289 2724 342 2781 erit
364 2720 531 2780 uberrimus.
568 2721 656 2779 Item
679 2738 752 2794 cap.
844 2739 850 2776 :
873 2721 1016 2778 Accedent
1030 2723 1059 2779 et
1072 2722 1204 2780 nuntient
1224 2723 1305 2780 nobis
1329 2738 1413 2794 qnae·
1429 2739 1458 2780 so

290 2823 406 2880 cumque
436 2809 556 2864 uenture
586 2809 652 2864 sunt
680 2823 794 2878 usque
824 2822 887 2866 ecce
917 2822 1013 2864 omnes
1042 2806 1143 2865 iniusti
1172 2809 1200 2865 et
1228 2823 1304 2866 nene
1329 2823 1416 2881 opera

289 2912 393 2961 eorum,
417 2893 520 2950 uentus
538 2893 567 2950 et
583 2893 666 2950 inane
681 2892 833 2950 simulacre
848 2908 950 2950 corum.
987 2893 1092 2950 Item:
1115 2893 1326 2951 Confundentur
1349 2908 1413 2952 con-

288 2981 400 3038 fusione
429 2978 476 3048 qui
507 2977 649 3036 confidunt
678 2977 709 3034 ln
739 2976 864 3050 sculptili
887 2994 1000 3050 usque
1023 2978 1088 3051 quis
1111 2994 1212 3038 caecus
1234 2978 1292 3036 nisi
1314 2995 1414 3036 seruus

202 3072 206 3079 ’
289 3065 402 3123 domini.
448 3063 556 3120 Item:
587 3064 629 3121 Ex
659 3065 725 3120 tnnc
755 3057 851 3120 audire
877 3065 905 3121 to
928 3063 980 3122 leci
1003 3065 1031 3122 et
1053 3063 1229 3122 adnuntient.
1267 3080 1318 3124 uos
1341 3064 1414 3122 estis

391 3244 404 3297 1
422 3245 468 3298 Es.
485 3246 526 3311 41,
545 3244 656 3299 22-24.
673 3243 716 3300 28.
734 3245 767 3298 29
873 3244 906 3298 10
929 3244 972 3299 lde.
989 3245 1032 3307 42.
1053 3245 1153 3299 17-19
1257 3246 1289 3300 15
1307 3245 1351 3300 Es.
1368 3245 1414 3310 44,

288 3328 380 3382 8-11.
399 3329 501 3382 20-22

340 3499 353 3551 1
378 3499 406 3552 ln
425 3500 591 3553 sstuiitstem
611 3502 638 3553 et
657 3501 686 3553 iu
703 3499 889 3569 pinguedinem
914 3501 941 3554 L
1042 3501 1104 3570 illio]
1128 3502 1157 3555 in
1175 3502 1246 3556 esaia
1267 3501 1354 3556 Moe
1369 3502 1415 3570 (is-

289 3584 328 3647 L,
355 3601 395 3653 ys-
419 3584 442 3638 O
462 3586 521 3651 fere
544 3588 660 3654 semper)
763 3585 920 3653 adpropient
944 3587 971 3638 et
993 3584 1151 3639 adnuntient
1176 3589 1248 3652 (enn-
1273 3587 1320 3654 M)
1342 3586 1415 3655 ML,

288 3670 446 3724 annuntient
464 3674 492 3723 et
510 3671 664 3740 appropient
686 3671 709 3724 G
804 3671 821 3723 3
838 3670 1034 3726 intendimus..
1048 3672 1243 3740 cognoscimus
1260 3673 1348 3728 MLG

286 3755 409 3810 turbo
427 3758 454 3809 ct
472 3773 538 3825 quse
555 3773 580 3811 n.
600 3773 621 3811 s.
638 3758 655 3812 i
673 3757 815 3810 nouissimo
834 3773 884 3811 om.
903 3757 989 3812 Mac
1089 3759 1200 3812 sciemus
1221 3759 1336 3822 MLOE,
1365 3759 1415 3814 sci-

286 3857 345 3894 mus
368 3841 593 3910 semetpsos>
696 3843 765 3896 det
786 3845 862 3910 (noete
879 3842 958 3910 unde)
982 3859 1032 3898 om,
1058 3843 1144 3898 MLG
1245 3845 1416 3913 leh'geruut

287 3925 311 3980 S
409 3926 490 3994 8et]
519 3927 543 3978 si
570 3928 633 3981 ML
734 3927 941 3998 iuterrogeuero]
966 3929 1033 3984 cdd.
1056 3927 1115 3984 illos
1139 3929 1202 3984 ML
1222 3929 1345 3998 (αὐτούς)

288 4011 321 4064 10
342 4027 427 4064 uenae
452 4011 499 4068 SC
599 4014 687 4066 uerbo
708 4013 775 4072 Item
788 4045 822 4053 -
834 4013 988 4070 Erubescits
999 4043 1035 4056 —-
1044 4016 1160 4069 -serui
1177 4015 1219 4070 dei
1244 4031 1292 4070 em.
1318 4018 1345 4072 L

286 4097 314 4148 in
334 4098 406 4151 eseia
424 4099 484 4153 MC
587 4099 618 4151 ll
643 4099 787 4155 roboredi
891 4103 934 4170 qui
952 4100 1109 4158 confidentis
1127 4101 1150 4156 S
1166 4101 1205 4169 (ot
1221 4103 1417 4170 πεποιθότως

287 4182 331 4250 qui
350 4182 482 4236 confiditis
500 4183 561 4238 Mc
655 4183 686 4236 12
704 4185 758 4237 ceci
776 4186 826 4242 SG
843 4187 924 4262 (bisi
1007 4187 1040 4240 14
1057 4187 1172 4242 encecein'
1190 4186 1222 4240 S:
1249 4189 1350 4244 caecsti
1369 4190 1415 4254 Μ,

286 4268 372 4321 cecati
389 4269 412 4322 0
497 4266 548 4337 dei]
568 4270 620 4324 mei
637 4271 700 4325 Mo
784 4271 818 4324 15
836 4271 864 4324 iu
877 4273 949 4324 esaie
968 4272 1056 4326 ΜΗ]
1067 4273 1117 4339 lis,
1128 4277 1189 4341 ys),
1208 4273 1250 4328 sic
1261 4273 1345 4340 infre

286 4352 417 4421 nuntiaui]
436 4369 505 4407 nnnc
523 4356 679 4408 aununtiaui
696 4357 735 4409 M
735 4358 764 4424 0,
789 4372 859 4411 nunc
877 4356 1035 4411 adnunciaui
1052 4359 1086 4426 L,
1114 4359 1269 4414 ennuntiaui
1286 4377 1303 4413 o
