3159 4967
278 446 343 513 638
503 446 551 501 De
569 443 699 499 (liniris
717 445 898 514 scripturir
916 443 988 499 uine
1004 444 1191 513 Speculum

279 636 490 719 prophete:
526 633 588 717 Qui
621 633 765 699 dormitis
796 634 830 699 in
858 630 952 699 lectie
983 634 1130 701 eburneis
1160 634 1192 699 et
1221 633 1427 701 deliciumini

279 757 373 821 cuper
406 738 514 806 thoros
545 756 663 817 cerum,
698 738 752 823 qui
780 736 982 805 munducetis
1003 738 1125 805 buedce
1148 738 1187 803 de
1207 740 1365 824 gregibus
1390 740 1426 804 et

279 841 396 907 nitnlee
431 841 471 907 de
502 842 654 909 armentis
682 842 851 921 lactantes,
882 842 936 925 qui
969 841 1131 925 plaudete
1163 842 1204 909 cd
1226 861 1341 909 eenum
1365 862 1424 909 ur-

278 962 441 1028 gunorum,
479 945 563 1011 sicut
594 946 786 1030 sempiterna
819 944 1070 1013 uentimcuerunt
1103 966 1141 1013 ea
1171 947 1204 1011 et
1231 966 1294 1013 nun
1324 947 1425 1030 qumi

279 1042 448 1131 fugientia:
482 1048 536 1133 qui
568 1046 680 1117 bibunt
712 1050 878 1117 enecatum
909 1051 1020 1117 uinum
1050 1052 1083 1116 et
1112 1052 1231 1135 optimc
1252 1053 1424 1135 unguente
1453 1074 1469 1115 r

279 1153 460 1235 unguuntur
484 1153 516 1219 et
537 1172 598 1220 non
622 1153 772 1219 dolebant
794 1154 872 1221 nihil
894 1154 926 1220 in
955 1156 1120 1223 interitum
1148 1156 1268 1239 ioseph.
1314 1154 1423 1219 Item

281 1254 487 1338 apestolus
516 1250 656 1341 paulus
680 1256 726 1323 ad
748 1274 949 1324 romanoe:
978 1258 1049 1325 Ncn
1080 1276 1156 1343 erge
1178 1256 1423 1342 blasphemetur

279 1359 395 1427 benum
428 1360 579 1427 nestrum.
617 1381 678 1428 nun
713 1362 763 1429 est
795 1360 879 1429 enim
911 1381 1045 1446 regnum
1074 1362 1126 1429 dei
1159 1380 1234 1428 eeeu
1256 1363 1289 1425 et
1310 1361 1422 1443 potue,

279 1462 337 1529 eed
358 1460 480 1529 iustitia
503 1464 535 1529 et
556 1484 617 1548 pax
640 1466 672 1531 et
693 1464 848 1551 gaudium
869 1467 901 1533 in
923 1467 1036 1551 spiritu
1058 1467 1180 1533 sanctu.
1208 1485 1283 1531 num
1306 1466 1363 1548 qui
1387 1465 1422 1529 in

278 1567 338 1633 hoc
372 1568 471 1633 ceruit
503 1568 631 1647 christu,
665 1569 771 1652 placet
805 1569 865 1635 dee
899 1571 933 1635 et
963 1570 1115 1653 probatus
1146 1570 1197 1635 eet
1221 1568 1420 1635 huminibus.
1435 1600 1464 1641 ιι

277 1668 386 1753 itaque
415 1689 496 1756 quce
523 1672 612 1755 pecie
639 1672 713 1738 eunt
736 1674 905 1752 sectemur,
929 1675 962 1740 ct
983 1692 1065 1757 quae
1089 1672 1320 1739 aedificationis
1343 1673 1424 1737 eunt

278 1772 415 1840 inuicem
450 1776 674 1842 custodiemus.
713 1777 811 1843 nolite
843 1778 970 1862 prepter
1004 1796 1110 1845 cecum
1141 1776 1306 1841 destruere
1337 1793 1423 1857 epne

281 1876 341 1943 dei.
377 1880 481 1944 omniu
504 1880 632 1963 quidem
653 1870 772 1947 munde
795 1882 877 1959 eunt,
907 1882 965 1947 eed
986 1881 1106 1946 mulum
1136 1880 1186 1945 eet
1206 1878 1339 1956 homini,
1362 1878 1423 1960 qui

278 1995 335 2063 per
358 1978 558 2049 offensionem
580 1984 761 2050 manducat.
793 1982 910 2051 benum
926 1986 975 2050 eet
991 2004 1052 2050 non
1069 1982 1264 2049 munducare
1286 1999 1421 2046 curnem

281 2084 313 2147 et
334 2098 395 2150 nen
418 2086 525 2153 bibere
553 2088 662 2154 uinum
685 2107 786 2172 neque
809 2089 841 2153 in
868 2108 929 2172 quc
956 2088 1054 2155 fruter
1081 2088 1156 2153 tuus
1179 2075 1422 2152 ecunduliuutur'
1436 2113 1461 2154 m

229 2312 250 2352 α
281 2310 367 2370 super
388 2312 429 2357 re.
466 2296 510 2357 Iu
533 2314 628 2359 emor
651 2316 724 2375 cup.
814 2300 901 2372 :Qui
922 2299 1053 2360 dormitis
1074 2300 1105 2359 in
1126 2300 1210 2360 lectis
1230 2298 1367 2358 eburne'm
1391 2298 1424 2355 et

281 2380 452 2460 deliciumini
487 2400 572 2459 super
604 2387 701 2445 thurea
733 2402 851 2460 nuque
878 2385 951 2444 nihil
978 2386 1009 2445 in
1036 2386 1182 2446 interitum
1208 2385 1319 2459 ieeepb.
1365 2382 1423 2441 Ab

279 2483 445 2529 romanoe
479 2486 553 2545 cap.
587 2472 675 2534 rhu:
708 2472 772 2532 Nun
806 2488 875 2546 ergn
906 2472 1118 2547 blasphemetur
1148 2474 1254 2532 benum
1286 2472 1422 2530 neutrum

279 2570 394 2628 usque
416 2572 506 2630 neque
528 2556 559 2615 in
581 2574 636 2632 que
656 2557 745 2617 lucter
765 2560 834 2617 tune
858 2557 1068 2618 mundaliretm
1088 2561 1140 2618 aut
1160 2557 1328 2617 infirmatur.
1367 2554 1423 2613 u

229 2776 253 2836 μ
279 2756 359 2817 illum
381 2758 485 2819 sentiet
507 2760 708 2819 contumacem.
752 2760 844 2819 Item
866 2778 941 2836 cap.
963 2758 1042 2820 m:
1066 2762 1122 2833 Qui
1144 2762 1241 2837 diligit
1262 2762 1365 2838 epulae
1386 2763 1460 2827 inm

280 2844 408 2919 egestate
441 2844 496 2904 erit
527 2861 643 2919 neque
675 2862 733 2905 nen
767 2844 914 2906 ditabitur.
958 2846 999 2905 In
1022 2862 1117 2906 ambe
1140 2863 1216 2923 cup.
1315 2868 1323 2906 ε
1360 2850 1421 2919 Qui

280 2930 408 2992 dormitis
441 2932 473 2991 in
504 2931 586 2990 lectis
616 2932 747 2994 ebmneie
774 2934 804 2992 et
830 2931 973 2992 lueciuitie
995 2932 1026 2991 in
1049 2934 1149 2993 stratis
1170 2934 1277 2993 neehie
1299 2951 1420 3009 neque

280 3018 308 3076 et
329 3014 402 3075 nihil
423 3014 605 3090 patiebantur
626 3032 712 3093 super
733 3016 901 3077 contritione
922 3019 1032 3093 ioseph.
1076 3019 1127 3078 Ab
1152 3029 1317 3079 romanoe
1340 3037 1419 3095 cup.

279 3102 348 3162 xi:
370 3102 433 3161 Nun
456 3116 524 3177 erge
546 3102 758 3177 blasphemetur
779 3104 884 3163 benum
903 3106 1032 3165 nuehum
1052 3119 1170 3181 neque
1192 3122 1283 3180 neque
1305 3106 1336 3163 in
1360 3120 1419 3181 qne

280 3187 369 3247 freter
395 3190 463 3248 tune
493 3186 610 3247 effendit
638 3190 688 3248 cut
713 3188 923 3248 scandalizatur
944 3191 994 3250 aut
1014 3190 1179 3250 infirmetur.
1225 3190 1277 3250 Ab
1298 3193 1418 3251 corin·
1432 3216 1460 3257 ἦ

384 3383 606 3453 imbui-6
693 3386 981 3453 tuomum-21
1069 3388 1311 3455 correnum?

333 3579 347 3633 1
375 3576 511 3644 demittis
538 3577 562 3633 0
662 3577 679 3631 2
704 3576 792 3633 theros
810 3581 892 3646 (runc
909 3578 937 3649 e)
955 3578 989 3645 S,
1017 3594 1106 3634 neree
1129 3578 1177 3647 M,
1206 3578 1299 3635 thorn
1316 3578 1345 3634 L

279 3663 362 3719 heder
380 3664 499 3733 SMVL,
525 3662 590 3719 eder
608 3662 631 3719 0
711 3662 732 3729 Ι3
749 3662 884 3733 purletia
896 3663 1026 3728 SUB,
1052 3663 1132 3719 <litia
1147 3665 1206 3721 11²0
1289 3666 1308 3719 5
1324 3667 1419 3721 uerbo

281 3750 325 3821 qui
341 3748 438 3805 bibunt
456 3752 589 3803 euocatum
606 3748 696 3803 uinum
713 3751 742 3804 et
760 3750 860 3819 optimc
877 3754 1014 3819 unguente
1035 3766 1086 3806 om.
1111 3750 1135 3805 S
1234 3753 1352 3805 mutum
1378 3752 1415 3820 L,

280 3837 429 3893 besentun
448 3836 482 3904 0,
524 3835 696 3911 διυᾉωμξνον
797 3838 947 3906 θιωμωι
963 3836 1013 3905 Π,
1040 3840 1193 3906 unguentur
1208 3838 1249 3901 L,
1277 3841 1416 3906 unguntur

281 3924 304 3979 0
325 3925 370 3994 (τὰ
394 3928 491 3991 πρῶτα
514 3922 586 3992 μύρα
608 3919 756 3991 χρώμενοι)
860 3938 915 3977 nun
937 3938 1060 3992 expm
1083 3924 1118 3992 V}
1225 3922 1416 3979 litem-Nem

279 4006 1071 4075 -Omnie-Quac-Adul.—Et-eccieienie1tem
1097 4012 1203 4064 erreV
1308 4011 1415 4080 lupe

280 4097 363 4152 etelne
380 4094 473 4170 paulus
491 4111 541 4149 eru
560 4094 648 4149 mbo
744 4093 958 4150 bluefemeturS
1014 4141 1021 4161 -.
1055 4094 1087 4148 11
1106 4094 1257 4164 itaquueS
1350 4099 1417 4151 eunt

278 4218 327 4273 arr.
347 4232 399 4273 en.
416 4216 503 4271 mne
592 4215 627 4268 12·
641 4187 761 4284 bane,
788 4228 850 4269 ee·
868 4215 903 4268 ur
987 4212 1159 4286 minueres
1247 4216 1281 4270 15
1299 4207 1415 4271 aunua-

279 4304 375 4359 liuubur
398 4306 445 4356 cut
468 4300 610 4355 offenditur
634 4303 681 4354 eut
704 4300 823 4355 murmur
836 4303 888 4354 'eet
912 4300 947 4356 S:
977 4300 1173 4355 scandalizetur
1195 4304 1243 4355 cub
1264 4301 1418 4356 infirmetur

280 4389 378 4453 Mne,
405 4388 571 4458 recunduntur
1373 4384 1380 4415 ³
