3159 4967
270 464 379 513 XXXVI

312 650 407 715 Inter
429 652 511 716 tcoti
533 652 662 734 oupndi
684 634 760 714 cont
775 650 955 715 donatistas
977 651 1008 713 d·
1029 650 1124 732 ydolo

269 769 471 834 interlineas
495 770 515 835 9
538 770 570 834 ot
593 769 634 836 10
656 771 797 852 scripsit:

271 890 320 953 iti
341 891 418 957 liter
440 891 521 955 beati
542 890 692 972 cypriani
714 872 766 973 epi
789 910 827 955 oo
848 890 1001 973 martyris
1023 888 1061 953 dc
1082 874 1252 953 sooromtis
1272 870 1340 973 opi.

269 1028 326 1075 noc
348 1012 438 1089 latet,
460 1010 544 1076 undo
566 1010 676 1075 titulos
693 1010 766 1075 illos
782 1028 894 1074 munus
911 1028 929 1073 a
945 1008 977 1073 st
992 1027 1009 1073 c
1024 1008 1202 1091 potiuerint
1233 1008 1395 1075 Possidius

271 1113 405 1177 enimin
429 1112 560 1179 indiculi
583 1132 651 1196 cop.
675 1115 689 1177 Ι
712 1114 795 1177 inter
817 1112 985 1195 Augustini
1008 1130 1103 1193 opera
1125 1113 1234 1176 contra
1254 1130 1395 1195 paganos

270 1216 388 1299 scripta
416 1218 642 1282 commemorat
670 1215 798 1295 librum,
829 1216 882 1298 qui
908 1215 1089 1281 inscribitur
1124 1218 1179 1291 „de
1208 1216 1396 1281 testimoniis

268 1322 505 1402 scripturorum
534 1326 644 1387 contro
673 1320 867 1386 Donatistos
894 1324 923 1385 et
951 1320 1058 1386 idolo“
1090 1318 1122 1383 ot
1143 1336 1211 1401 cup.
1235 1320 1284 1384 ΙΙΙ
1313 1319 1396 1383 intor

268 1422 366 1497 libros
393 1424 504 1489 contra
524 1423 708 1489 Donatistis
736 1441 845 1487 rursus
877 1424 932 1497 „de
953 1422 1140 1486 testimoniis
1162 1423 1396 1503 scripturoomm

271 1528 382 1589 contro
412 1528 646 1609 suprascriptos
669 1530 699 1590 ot
720 1530 832 1591 contro
859 1524 957 1590 idolo.
990 1524 1054 1588 ium
1077 1542 1153 1588 usro
1174 1524 1267 1589 homo
1289 1524 1343 1589 ilio
1366 1542 1395 1598 u,

271 1628 323 1709 qui
344 1628 454 1693 titulos
476 1629 547 1692 hino
565 1628 765 1711 depromptos
787 1627 982 1709 interposuit,
1005 1627 1163 1709 ignorauit
1183 1625 1298 1691 librum
1314 1647 1396 1693 nunc

272 1730 470 1813 deperditum
501 1750 519 1794 a
550 1729 580 1795 S.
608 1730 785 1813 Augustino
814 1730 882 1813 ipsc
913 1730 1091 1795 accuratius
1122 1730 1285 1794 definitum
1315 1749 1395 1799 osso.

270 1832 323 1914 qui
341 1834 440 1915 (Rotr.
457 1833 487 1909 2,
503 1833 559 1913 27)
582 1832 697 1897 librum
719 1832 907 1897 retractauit
928 1832 981 1897 cui
1001 1831 1184 1913 inscriptum
1208 1850 1279 1897 csso
1303 1831 1396 1897 dicit:

272 1934 500 2001 Prodotionnm
523 1940 551 2000 ot
574 1937 823 2001 testimoniorum
850 1940 961 2001 contro
982 1935 1174 2001 Donatistos
1201 1934 1280 1999 tiber
1301 1956 1396 2015 nnns,

270 2040 303 2105 ut
326 2038 365 2103 dc
387 2039 492 2104 indols
525 2038 592 2103 eius
622 2040 701 2105 hacc
725 2038 855 2105 adiecit:
889 2038 967 2105 Post
989 2038 1064 2103 toeo
1085 2040 1123 2101 nt
1144 2038 1187 2101 od
1208 2040 1397 2104 Donatistos

267 2142 476 2221 peruenirent
504 2148 615 2207 contro
644 2164 751 2207 eornm
781 2161 918 2206 errorem
945 2146 973 2206 et
997 2162 1061 2224 pro
1083 2140 1241 2207 catholico
1263 2142 1398 2206 ueritate

270 2246 448 2309 necessario
476 2246 663 2311 documento
692 2246 817 2317 euroni,
849 2246 918 2309 sine
947 2244 985 2308 de
1014 2244 1230 2309 ecclesiasticis
1259 2245 1329 2308 sine
1358 2244 1397 2307 de

265 2348 405 2428 puhlicis
424 2350 520 2431 pestis
541 2351 608 2414 mmo
630 2349 666 2414 de
688 2350 857 2430 scripturis
878 2347 1042 2415 canonicis
1064 2394 1071 2409 .
1097 2400 1103 2413 .
1127 2397 1135 2413 .
1164 2347 1230 2411 Hic
1251 2347 1330 2413 tiber
1350 2349 1397 2411 sio

270 2452 399 2533 incipit:
438 2452 519 2534 „Qni
550 2452 666 2516 timetis
688 2453 863 2516 consentire
884 2450 1029 2516 ecclesiae
1051 2451 1249 2516 ootdotiow.
1287 2450 1396 2532 itaquo

271 2552 353 2635 quod
378 2552 416 2618 do
439 2553 531 2618 titulo
554 2553 645 2636 plano
669 2554 848 2619 coniecerat
870 2574 981 2620 manus
1005 2575 1033 2634 a,
1062 2554 1158 2618 tertia
1180 2552 1236 2617 illa
1259 2571 1275 2617 c
1301 2570 1396 2617 accc-

271 2656 318 2738 pit
341 2658 373 2721 ct
394 2656 495 2723 tribus
516 2657 596 2722 locis
619 2656 818 2722 nitidioribus
834 2657 950 2722 litteris
966 2656 1067 2721 denuo
1083 2656 1252 2737 inscripsit.
1283 2673 1396 2719 munus

272 2761 377 2825 autern
398 2762 419 2825 b
443 2779 480 2825 or
507 2759 617 2825 eodem
645 2760 787 2827 Possidio
810 2761 1043 2841 inscriptionum
1068 2780 1147 2843 quac
1171 2761 1220 2824 ost
1247 2760 1303 2835 „de
1322 2778 1396 2839 spe-

271 2863 357 2927 cnto“
383 2863 541 2945 repetiuit,
565 2863 648 2927 undo
676 2865 769 2927 etium
797 2862 870 2927 noni
893 2862 946 2927 uel
967 2863 1032 2927 iarn
1055 2863 1160 2927 notaui
1182 2860 1303 2927 sacculi
1323 2878 1396 2925 cor-

270 2966 408 3029 rectores
432 2965 465 3030 ot
486 2965 606 3030 librarii
628 2966 754 3030 titulum
785 2965 874 3029 libris
897 2964 962 3029 suis
986 2966 1138 3031 asciuisse
1160 2964 1291 3047 putandi
1313 2964 1395 3039 suut,

271 3068 323 3149 qui
357 3069 467 3134 contra
502 3068 632 3133 aliorum
667 3086 787 3132 morsm
810 3067 886 3151 (Vn)
914 3068 1115 3151 inscriptions
1151 3067 1257 3149 aliqua
1288 3085 1398 3131 cunero

270 3189 328 3234 non
364 3188 455 3251 posse
491 3170 550 3235 sibi
584 3169 774 3235 uiderentur.
812 3170 942 3235 titulum
974 3189 1049 3236 uero
1079 3172 1229 3253 scriptum
1257 3169 1398 3251 aprima

270 3291 365 3337 manu
389 3272 506 3336 codicis
523 3270 697 3337 Sessorinni
718 3272 859 3354 recipere
881 3291 942 3337 non
966 3272 1118 3349 dubitaui,
1140 3292 1212 3337 oum
1234 3272 1325 3337 tanta
1346 3271 1397 3336 hic

271 3373 370 3438 codex
392 3374 586 3455 praestantia
602 3393 671 3440 osso
688 3374 859 3453 uideretur,
884 3375 965 3439 utin
980 3374 1172 3441 recensendo
1188 3376 1269 3443 libro
1284 3376 1396 3439 morito

272 3495 308 3541 eo
331 3476 388 3539 niti
410 3494 544 3558 possein.

315 3613 421 3680 codor
448 3612 468 3678 S
495 3615 544 3677 tor
574 3614 735 3679 correctus
759 3614 818 3690 ost,
840 3614 976 3696 primum
1000 3632 1018 3677 a
1040 3614 1167 3679 librario
1189 3613 1267 3695 ipso,
1291 3611 1397 3695 quiin

271 3717 353 3782 notis
376 3717 455 3781 mois
477 3716 635 3799 putandus
660 3717 708 3782 est
730 3716 847 3800 ubique
871 3717 1056 3783 emendasse
1080 3717 1134 3783 ubi
1155 3716 1234 3781 nihil
1257 3716 1295 3779 do
1318 3716 1399 3779 m.2

270 3820 366 3883 uo13
390 3818 525 3897 additur,
555 3838 652 3885 uoces
675 3820 729 3885 usl
757 3820 897 3904 syllabas
926 3820 980 3886 uel
1008 3820 1134 3885 litteras
1165 3818 1299 3884 omissos
1322 3837 1398 3901 sup-

270 3955 395 4039 plentur
428 3958 474 4039 in,
508 3958 561 4037 od,
595 3958 691 4033 enim,
723 3978 780 4023 nos
803 3976 899 4039 supra
919 3957 1046 4038 lineum,
1075 3923 1125 4036 iob,
1150 3930 1242 4033 ‘diod
1269 3922 1299 4020 ¹n
1322 3956 1398 4034 ipso.

270 4067 436 4180 piatone,
459 4068 537 4171 erit,
560 4068 622 4179 roi,
637 4068 768 4180 cincio,
785 4069 889 4171 inm,
912 4061 1105 4175 indantur,
1128 4068 1273 4175 itinn,
1299 4092 1399 4157 cnon-

267 4198 456 4317 otiof‘iric‘d,
494 4206 681 4315 desperant]¹
700 4198 895 4312 disctinctis,
917 4198 986 4317 mid,
1004 4232 1117 4298 deindo
1135 4233 1173 4297 ub
1190 4230 1290 4296 ultera
1304 4248 1398 4293 manu

269 4368 386 4434 similia
405 4336 489 4449 dmio,
507 4334 656 4443 domitio,
671 4386 835 4451 perperam
850 4390 899 4446 ne,
916 4386 991 4433 am.
1005 4368 1025 4433 3
1039 4367 1232 4449 paucissima
1249 4367 1336 4450 (348,
1352 4368 1398 4445 d).
