3159 4967
318 532 321 537 Ι
398 464 445 519 De
463 464 591 521 diuinis
609 467 789 535 seripturis
809 467 881 521 sine
898 466 1080 536 Speculum.
1242 467 1306 536 379

178 642 257 720 dicit
284 653 437 720 dominus.
477 654 504 719 si
533 654 631 721 esurit
656 654 804 721 inimicus
832 656 917 735 tuos,
946 657 1018 722 ciba
1039 656 1148 723 illum:
1177 658 1205 723 si
1227 657 1304 736 sitit,

177 758 284 841 potum
313 756 354 822 da
381 755 439 821 illi.
477 757 536 821 boc
566 756 649 823 enim
676 755 822 823 faciendo
850 758 1003 824 carbones
1029 757 1112 843 ignis
1134 776 1306 825 coacernas

178 878 272 942 super
294 861 391 943 capnt
413 859 490 925 eius.
525 859 590 925 noli
604 859 690 926 uinci
706 861 835 939 amalo,
852 861 910 927 sed
924 862 1017 928 uince
1031 862 1064 926 in
1078 862 1161 928 bono
1175 862 1304 927 malum.

176 964 277 1029 Item
298 962 440 1047 petrus
463 963 672 1047 apostolus
694 966 726 1028 I:
755 964 952 1048 Quapropter
974 983 1082 1032 omnes
1104 964 1306 1031 consentanei

152 1067 290 1145 scitote,
313 1066 499 1147 unianimes,
523 1066 749 1149 conpatientes,
772 1067 982 1135 fraternitatis
997 1068 1164 1147 amatores,
1179 1066 1306 1135 miseri·

177 1168 300 1251 cordes,
319 1169 469 1251 modesti,
491 1169 637 1249 humiles,
660 1189 721 1239 non
743 1169 914 1238 reddentes
928 1171 1048 1239 malum
1063 1190 1121 1254 pro
1143 1170 1228 1238 malo
1251 1171 1307 1237 aut

177 1269 383 1339 maledictum
410 1290 466 1354 pro
494 1271 684 1341 maledicto:
713 1271 771 1339 sed
794 1292 811 1337 s
834 1272 992 1341 contrario
1013 1274 1248 1354 benedicentes,
1273 1274 1308 1339 ot

177 1373 430 1442 benedictionem
466 1372 642 1441 hereditate
682 1375 882 1459 possideatis
931 1378 1033 1443 Item
1068 1377 1108 1443 in
1146 1377 1306 1443 actibus

180 1476 468 1559 apostolorum:
517 1476 560 1545 Et
594 1476 779 1561 lapidabant
816 1478 1003 1561 stephanum
1037 1480 1239 1547 inuocantem
1276 1479 1308 1545 et

139 1604 167 1642 ιο
180 1578 353 1647 dicentem:
377 1580 501 1649 domins
523 1581 602 1661 iesu,
626 1582 734 1665 accipe
756 1581 902 1664 spiritum
916 1601 1032 1649 msam
1065 1600 1185 1667 ponens
1200 1583 1307 1649 antem

178 1700 283 1769 genna
305 1682 495 1753 exclamauit
516 1702 594 1751 uoce
614 1701 731 1771 magne
753 1684 879 1751 dicens:
903 1685 1037 1767 domine,
1060 1704 1099 1751 ne
1121 1685 1246 1753 statuas
1262 1685 1307 1752 eis

177 1787 236 1851 boc
259 1786 435 1869 peccatum.

178 2031 260 2090 uince
282 2031 313 2090 in
334 2032 408 2091 bono
427 2032 542 2093 malm.
579 2034 712 2093 Petrus
734 2034 772 2093 in
798 2034 969 2108 epistola
989 2034 1005 2094 I
1027 2051 1102 2109 cap.
1126 2034 1183 2093 XI:
1207 2032 1307 2093 Omnis
1337 2054 1359 2094 a

178 2116 337 2177 unianimes
365 2117 560 2195 conpaoientos
587 2118 706 2179 fraterni
728 2136 844 2193 nsque
864 2120 1018 2181 hereditate
1040 2120 1222 2195 possideatis.
1265 2118 1307 2179 In

141 2203 328 2347 reaetibntzn
366 2204 617 2281 apostolorum
654 2221 727 2279 cap.
763 2204 831 2265 XX:
867 2206 906 2265 Et
937 2206 1104 2281 lapidabant
1140 2207 1307 2281 stephanum

179 2304 299 2347 rnuooan
329 2306 366 2347 m.

180 2527 254 2602 apud
276 2530 386 2586 nosmet
408 2528 485 2602 ipsos
507 2544 623 2603 neque
647 2528 696 2587 sed
717 2529 800 2589 uince
822 2529 853 2589 in
875 2531 948 2590 bono
970 2531 1083 2591 malum.
1120 2534 1249 2593 Petrus
1271 2532 1308 2591 in
1335 2557 1359 2615 μ
1403 2574 1407 2581 .

179 2611 347 2689 epistula
367 2612 383 2671 I
404 2630 476 2687 cap.
506 2614 546 2672 X:
576 2612 680 2673 Omnes
710 2615 870 2675 unianimes
900 2617 1092 2691 conpatientes
1120 2618 1308 2678 fraternitatis

180 2700 318 2759 amatores
333 2715 445 2773 nsque
460 2699 614 2758 hereditate
628 2700 810 2774 possideatis.
846 2700 886 2760 In
901 2701 1042 2763 actibus
1057 2703 1307 2778 apostolorum

141 2782 342 2927 socapffi:
363 2783 401 2842 Et
422 2784 590 2861 lapidabant
611 2786 779 2860 stephanum
805 2803 916 2862 nsque
937 2805 973 2846 ne
996 2790 1107 2847 statuas
1129 2789 1187 2849 illis
1203 2790 1256 2849 hoc
1271 2789 1308 2849 ad

177 2884 264 2943 pecca
326 2914 332 2929 .

282 3102 576 3167 elrenaeeta
678 3105 968 3173 montescot

232 3325 245 3377 l
266 3325 386 3379 esurierit
403 3326 492 3382 ΜΠ,
497 3326 535 3382 Oc
625 3326 643 3379 2
661 3325 801 3381 coacerbas
814 3328 843 3391 S,
870 3343 995 3397 congeres
1006 3329 1044 3382 M
1045 3329 1095 3384 Vn
1100 3330 1138 3385 Co
1227 3328 1245 3383 a
1261 3334 1308 3401 inp

180 3430 209 3495 p.
230 3426 245 3481 r.
266 3426 326 3483 aco
351 3444 384 3483 m.
403 3430 431 3498 2)
460 3430 498 3485 m
599 3430 662 3500 erus]
692 3412 1144 3486 &ambroniacenses
1221 3434 1307 3488 eom.

178 3532 314 3601 apostolus
326 3531 443 3588 ΜΗΘ
527 3534 556 3587 in
569 3534 681 3603 epistola
691 3533 769 3603 (epl'a
782 3534 805 3589 0
820 3538 882 3603 epla
896 3536 923 3590 V
938 3541 971 3604 ep
982 3534 1020 3605 L)
1032 3535 1117 3604 prima
1127 3534 1241 3591 MVLO

179 3668 232 3709 om.
251 3654 385 3709 omnesO
485 3656 502 3709 5
525 3656 663 3711 unanimes
684 3654 787 3711 MV’O
852 3684 855 3688 >
886 3656 903 3710 b
927 3621 1046 3709 monera
1065 3654 1092 3727 (e
1109 3658 1177 3722 roa.)
1195 3655 1230 3719 S,
1256 3670 1307 3710 om.

177 3756 290 3813 modo
382 3773 432 3813 om.
451 3758 549 3813 malum
567 3774 614 3829 pro
631 3759 701 3814 malo
720 3761 766 3812 aut
784 3758 870 3814 MLO
959 3760 1030 3813 maid
1049 3775 1076 3828 ·p
1093 3757 1247 3828 maleldieto
1268 3759 1308 3824 (irs
1413 3829 1415 3834 Ι

179 3876 268 3931 morp.
287 3877 313 3931 ’ρ
330 3861 400 3917 malo
418 3864 429 3914 l
446 3860 589 3917 maledicti
608 3860 676 3919 odd.
694 3878 727 3917 nr.
746 3864 776 3928 2)
798 3862 825 3917 V
922 3862 970 3915 ant
987 3861 1105 3931 scripsi:
1131 3861 1236 3929 cnm&
1265 3862 1309 3915 uel

182 3964 226 4027 γ’,
256 3978 305 4019 nec
330 3978 347 4017 o
451 3964 466 4017 7
493 3965 516 4033 e]
545 3980 592 4019 eae
618 3964 656 4019 Π
680 3963 916 4033 (ofip.351,12)
1018 3964 1035 4016 9
1061 3962 1193 4020 animum
1221 3963 1244 4018 S

179 4066 213 4121 10
236 4066 283 4120 illu
307 4066 437 4123 MVLG:
464 4067 508 4121 ills
532 4068 556 4123 S
657 4068 687 4122 11
708 4068 865 4123 exclamauit
883 4068 933 4135 (nit
949 4068 981 4121 irs
997 4083 1056 4122 ros.
1074 4082 1094 4121 o
1110 4084 1144 4122 m.
1163 4070 1188 4135 1)
1206 4068 1243 4121 M

177 4184 242 4223 noco
259 4184 357 4238 magna
375 4170 531 4225 exclamauit
552 4172 576 4227 0
677 4172 723 4241 eis]
744 4172 798 4225 illie
817 4169 855 4224 Μ
856 4170 949 4226 VLCo
