3159 4967
373 446 420 501 De
438 446 567 500 diuinis
585 446 767 515 seripturis
786 448 854 501 siue
879 447 1062 525 Speculum.
1221 449 1283 515 681

616 635 819 720 cxxxssn

420 817 461 857 DE
487 816 662 859 neumare
688 816 727 857 ΕΤ
750 816 859 859 cauca
881 816 1015 859 IBARVM.

195 931 237 994 In
261 928 369 994 esaia
391 928 603 1011 propheta:
626 928 771 1006 Deliciis,
797 924 940 994 amentes
956 926 1066 1006 estole,
1086 937 1118 994 et
1132 930 1282 1013 crapula-

153 1032 233 1097 mini
267 1050 371 1097 nona
400 1032 504 1096 sicera
538 1049 640 1114 neque
665 1051 684 1096 a
710 1031 799 1097 uino:
834 1032 982 1115 qnoniam
1014 1032 1192 1114 polionauib
1224 1052 1283 1098 uos

128 1135 232 1201 sdeus
256 1135 399 1218 spiribm
423 1134 670 1218 conpunctionis.
715 1135 815 1201 Item
837 1134 944 1200 illic:
967 1135 1044 1201 Ideo
1068 1135 1152 1213 audi,
1176 1136 1282 1201 humi-

152 1239 230 1303 liala
250 1240 292 1303 'et
321 1238 409 1305 ebria
430 1255 491 1302 non
516 1256 535 1302 a
557 1237 640 1303 uiuo.
675 1237 789 1303 Veniat
812 1238 895 1302 enim
916 1238 953 1302 ul
974 1238 1090 1303 damon
1113 1240 1283 1304 uehemens

151 1342 199 1407 ira
238 1342 356 1407 domini
392 1359 465 1407 cum
500 1340 725 1424 indignatione.
770 1342 875 1406 Item
901 1340 938 1405 in
962 1338 1172 1407 ambacum
1193 1362 1282 1424 pro-

152 1446 287 1527 pheta:
321 1443 541 1511 circumdedit
563 1446 596 1509 te
619 1445 701 1509 calix
732 1443 880 1510 dexterae
912 1442 1039 1523 domini,
1074 1446 1107 1510 eb
1126 1441 1284 1510 ‘conuenit

104 1594 105 1601 κ
152 1547 266 1613 iniuria
299 1566 392 1630 super
424 1548 575 1613 honorem
606 1547 706 1613 buum.
744 1548 848 1612 Item
876 1548 914 1611 in
940 1549 1090 1629 psalmo
1117 1548 1164 1611 X:
1197 1546 1284 1613 Pluib

113 1678 139 1718 10
153 1670 246 1734 super
273 1652 458 1734 peccatores
487 1652 628 1734 laqueos,
657 1652 774 1735 ignem,
805 1651 915 1729 sulfur,
945 1653 978 1717 et
1006 1652 1133 1734 spiritus
1156 1652 1283 1734 procel-

152 1754 343 1838 larumpars
359 1754 469 1821 calicis
486 1774 604 1821 eorum.
642 1756 744 1821 Item
767 1755 806 1819 in
830 1755 1063 1840 apocalypsi
1084 1747 1283 1821 iohannis:

153 1857 286 1935 Occidis
311 1858 430 1924 cecidit
451 1858 586 1943 babylon
603 1878 735 1942 magna:
760 1858 800 1923 de
817 1858 889 1923 uino
903 1858 970 1923 irae
985 1857 1199 1923 fornicatiouis
1215 1859 1283 1924 eius

196 2050 344 2111 CXXVIII.
378 2072 419 2116 nn
441 2072 616 2113 unnrnnann
638 2072 678 2113 nn
700 2071 809 2113 (tauron
837 2071 972 2113 manum.
1005 2052 1046 2111 In
1075 2053 1178 2111 esaia
1208 2070 1281 2128 cap.
1313 2076 1336 2117 α

242 2157 248 2195 :
279 2136 381 2195 Deficit
403 2154 438 2195 ea
459 2139 568 2195 menies
591 2139 680 2197 estole
700 2139 731 2196 ¹el
753 2137 940 2212 crapulamini
961 2154 1018 2196 non
1041 2155 1058 2195 a
1079 2138 1171 2198 sicera
1191 2156 1283 2214 neque

113 2241 170 2283 roa
198 2223 274 2281 nino.
319 2222 410 2281 Item
444 2240 515 2297 cap.
606 2242 612 2279 :
645 2222 712 2281 Ideo
745 2221 822 2293 andi,
855 2223 1005 2281 humiliata
1034 2226 1063 2283 at
1087 2224 1166 2283 ebria
1186 2242 1284 2283 nona

151 2308 227 2368 nino.
279 2308 319 2367 In
353 2309 521 2367 ambacuc
554 2325 628 2381 cap.
739 2326 746 2365 ε
782 2308 972 2367 Circumdedil
1004 2311 1032 2367 te
1065 2309 1138 2367 calix
1172 2310 1283 2369 dextero

153 2395 257 2453 domiui
280 2396 309 2452 et
330 2394 460 2452 nominas
482 2393 646 2467 ignominie.
679 2393 718 2452 In
739 2394 880 2468 psalmo
902 2396 941 2453 X:
971 2394 1055 2453 Pluet
1076 2411 1161 2469 super
1183 2414 1282 2470 pocca-

151 2482 236 2540 tores.
281 2480 320 2539 In
354 2479 567 2554 apocalypsi
599 2479 732 2538 XXXIII:
767 2478 862 2550 Caedi,
897 2480 989 2538 caedit
1021 2479 1144 2554 babylon
1176 2498 1283 2555 magna

196 2667 329 2729 CXXVII.
363 2688 403 2727 nn
432 2686 606 2727 snnrnrnnn
635 2687 674 2727 nn
704 2686 813 2728 camon
842 2686 976 2729 manum.
1009 2668 1049 2725 In
1079 2666 1278 2742 esaia‘cap.
1307 2694 1332 2752 μ

110 2776 138 2815 so
240 2773 247 2811 :
278 2752 477 2827 Obsbnpescibe
499 2754 527 2811 et
549 2752 735 2822 admiramini,
765 2752 899 2812 fluctuate
921 2754 950 2811 ot
970 2752 1111 2822 saniliare,
1139 2753 1277 2814 incaebri-

153 2840 240 2898 amini
273 2856 387 2913 nsque
420 2838 552 2912 qnoniam
585 2838 701 2897 miscuit
733 2838 816 2897 uobis
846 2838 975 2897 dominus
1006 2839 1138 2913 spiritum
1159 2839 1281 2913 soporis.

151 2927 241 2986 Ibem
263 2924 315 2983 ibi
337 2941 412 2999 cap.
491 2942 499 2981 ε
521 2924 629 2983 Idcirco
652 2922 717 2983 audi
739 2925 802 2995 hoc,
824 2922 997 2999 paupercula
1018 2927 1046 2983 ab
1068 2924 1165 2983 aebria
1186 2940 1241 2983 non
1266 2942 1284 2982 a

151 3012 219 3070 nino
242 3028 354 3085 usqne
377 3010 475 3070 calicis
497 3010 704 3085 indignacionis
726 3026 813 3068 meae.
857 3010 899 3069 In
922 3012 1090 3071 ambacuc
1111 3026 1184 3085 cap.
1275 3029 1282 3067 :

153 3096 343 3156 Circumdabib
366 3098 394 3155 bo
418 3096 491 3155 calix
522 3096 651 3155 dexterae
682 3095 786 3154 domini
809 3098 839 3154 eb
859 3096 983 3155 uomitus
1004 3096 1177 3169 ignominiae
1200 3113 1285 3171 snper

111 3207 138 3247 25
153 3182 272 3255 gloriam
304 3184 392 3241 tuam.
435 3181 475 3240 In
501 3182 640 3256 psalmo
663 3180 704 3239 X:
737 3181 823 3240 Pluet
854 3198 938 3255 super
970 3184 1132 3256 peccatores
1164 3181 1283 3257 laqueus

152 3269 240 3341 ignis.
284 3267 323 3326 In
346 3266 566 3342 apocalypsi
588 3283 663 3341 cap.
679 3266 816 3325 XXXIII:
840 3266 959 3340 Siquis
982 3266 1142 3328 adorauerit
1163 3268 1284 3327 bestiam

256 3466 518 3529 ammmm
610 3465 800 3533 amma
897 3465 1088 3533 emam
1180 3466 1286 3521 effi.

152 3553 230 3616 am
326 3552 498 3616 emme
603 3551 832 3622 mmmm

204 3730 396 3828 chritareS
479 3758 602 3828 calbo&
691 3757 826 3813 ddeiecic
844 3774 876 3812 aa
892 3759 1039 3813 mentesb'
1127 3759 1285 3829 Iunoniam

154 3844 188 3901 S:
218 3845 280 3915 quia
302 3844 417 3901 MVLO
517 3846 534 3899 5
558 3844 586 3898 in
604 3845 677 3899 esaia
695 3844 746 3913 (is,
765 3848 815 3915 yn)
834 3844 949 3901 Mane
1048 3844 1188 3899 humiliata
1206 3851 1234 3899 et
1253 3846 1289 3898 Μ

158 3930 245 3986 VLC:
274 3929 454 4000 nominales
554 3928 716 3984 ‘lambaese
739 3932 776 3998 (m
793 3930 864 3999 ras.)
883 3930 931 3994 Μ,
961 3928 1093 3985 abbacum
1111 3930 1144 3994 S,
1173 3927 1285 3983 abacum

157 4019 187 4082 V,
215 4016 314 4072 abacuc
333 4016 386 4073 LO
474 4016 648 4071 8conuenieb
666 4016 783 4072 MVLO
873 4016 936 4070 9in
952 4016 1089 4071 IniuriaS
1171 4016 1284 4070 item-

153 4120 359 4176 Pluib—eormn
377 4137 427 4175 om.
445 4122 472 4175 V
540 4122 613 4189 pluat
631 4120 729 4177 MLOo
806 4120 838 4173 10
855 4120 934 4191 ignis,
953 4119 1067 4190 sulphur,
1094 4106 1137 4189 sps
1155 4118 1285 4189 procedas

154 4206 252 4270 MLO,
283 4210 337 4275 πῦρ
363 4205 410 4259 καὶ
431 4208 513 4259 θεῖον
538 4206 585 4258 καὶ
611 4206 718 4273 anceps
739 4205 897 4272 καταιγίδος
999 4205 1031 4258 ll
1058 4202 1152 4258 calices
1181 4204 1219 4257 M

152 4292 297 4362 apocalipsi
316 4292 350 4345 Μ
443 4290 476 4345 12
495 4290 607 4347 caecidit
625 4290 738 4345 caecidit
756 4290 868 4347 Smyr:
960 4289 1088 4360 babyllon
1106 4290 1148 4359 Μ,
1174 4288 1285 4345 babilon

153 4380 180 4432 L
281 4378 336 4432 itae
355 4377 499 4435 MVLGo:
527 4378 620 4435 om.S
