3159 4967
790 1146 837 1230 ll.

298 1360 373 1457 Qua
401 1386 454 1449 uia
479 1386 519 1451 ad
543 1384 739 1449 emendanda
761 1385 888 1469 Speculi
911 1387 1010 1451 uerba
1035 1386 1158 1469 ingredi
1182 1389 1339 1469 deberem,
1364 1412 1381 1456 e

254 1496 382 1561 maioris
404 1496 452 1559 rei
473 1495 717 1577 inuestigatione
741 1514 810 1560 sero
835 1495 940 1560 didici.
978 1498 1093 1562 etenim
1116 1516 1189 1563 cum
1212 1500 1382 1583 Speculum

252 1598 344 1676 illud,
376 1597 468 1681 qinale
500 1597 540 1662 ael
571 1600 650 1662 hane
683 1598 820 1662 aetatem
842 1599 995 1680 peruenit,
1023 1601 1070 1665 ita
1091 1606 1307 1685 comparatum
1330 1606 1381 1679 sit,

254 1704 291 1766 ut
318 1702 501 1767 testimonia
531 1703 706 1783 scripturae
736 1720 845 1766 sacras
875 1721 933 1768 non
966 1722 1003 1767 ex
1026 1706 1199 1771 uetustiore
1223 1726 1261 1771 ea
1282 1710 1382 1773 iuter·

254 1807 439 1890 pretatione,
464 1826 557 1888 quam
576 1806 607 1871 S.
624 1807 820 1888 Augustinus
842 1808 873 1871 in
896 1808 1011 1872 ceteris
1028 1810 1173 1891 operibus
1195 1810 1261 1877 suis
1283 1811 1383 1876 solam

254 1909 345 1992 sequi
369 1910 500 1985 solebat,
533 1910 689 1991 excerpta,
717 1910 773 1974 sed
798 1928 835 1973 ex
859 1910 888 1972 S.
913 1911 1105 1995 Hieronymi,
1130 1930 1223 1994 quam
1247 1934 1285 1979 ne
1307 1934 1383 1999 pro-

254 2014 347 2077 basse
383 2013 510 2095 quidem
542 2012 753 2096 Augustinum
789 2014 922 2084 constat.
958 2016 1085 2097 sumpta
1118 2016 1189 2091 sint,
1224 2018 1384 2098 quaeritur

256 2118 360 2180 utrum
378 2114 408 2180 S.
427 2118 620 2198 Augustinus
644 2120 724 2182 hune
747 2119 862 2183 librum
882 2118 1053 2183 confecerit
1074 2136 1182 2193 necne,
1205 2120 1257 2184 uel
1280 2122 1383 2203 potius

256 2238 331 2283 uum
364 2220 453 2297 liber,
489 2222 590 2303 qualis
625 2221 787 2288 codicibus
820 2222 966 2298 traditur,
1000 2222 1075 2286 talis
1104 2241 1121 2286 e
1154 2220 1185 2287 S.
1216 2223 1384 2306 Augustini

256 2324 400 2389 manibus
423 2325 581 2406 profectus
604 2326 654 2390 sit.

301 2444 433 2511 Constat
463 2448 566 2511 eutem
598 2447 679 2511 inter
703 2467 811 2513 omues
834 2446 866 2512 S.
890 2446 1101 2531 Augustinum
1125 2465 1197 2510 cum
1218 2447 1384 2529 praesten-

255 2548 414 2613 tissimum
438 2549 597 2630 ingenium
623 2549 663 2614 ad
687 2568 791 2616 rerum
816 2550 994 2615 diuinarum
1019 2550 1184 2613 scientiam
1206 2568 1261 2632 per
1281 2552 1384 2614 maxi-

258 2672 344 2717 mum
364 2654 449 2717 uitae
465 2654 590 2737 tempus
607 2654 803 2732 contulisset,
828 2655 1028 2736 quaestiones
1043 2654 1108 2717 tam
1126 2653 1242 2717 manitas
1257 2656 1385 2736 tamque

258 2758 363 2821 aranas
388 2758 592 2839 exposuisset,
615 2757 766 2840 plurimos
791 2756 1041 2822 aduersariorum
1064 2774 1184 2821 errores
1205 2756 1384 2826 actitasset,

258 2858 316 2923 sub
340 2859 425 2923 uitae
448 2858 541 2923 finem
567 2860 661 2925 editis
684 2861 746 2925 iam
769 2862 1029 2925 retractationum
1053 2859 1121 2925 siue
1144 2860 1183 2924 (le
1205 2860 1387 2924 recensione

259 2980 388 3043 operum
412 2981 538 3028 soronam
561 2964 650 3029 libris
673 2966 843 3047 praecepta
863 2964 993 3028 uiuendi
1016 2983 1053 3028 eu
1075 2963 1164 3028 libris
1184 2962 1297 3027 diuinis
1321 2962 1387 3027 col·

256 3065 342 3129 lecta
370 3068 401 3131 in
431 3086 525 3131 unum
555 3086 668 3150 corpus
691 3068 916 3151 conscripsisse
949 3068 981 3130 et
1010 3067 1083 3131 huic
1107 3066 1193 3149 operi
1216 3066 1387 3148 Speculum

259 3188 371 3233 nomen
395 3169 471 3233 dare
495 3170 642 3247 uoluisse,
673 3171 836 3253 tamquam
866 3168 964 3236 diuini
987 3171 1122 3236 numinis
1145 3170 1208 3233 iam
1230 3170 1385 3252 interpres
1409 3189 1413 3195 ·

260 3293 330 3337 esse
354 3292 447 3356 quam
473 3292 491 3337 a
513 3292 547 3337 se
571 3274 750 3356 excogitata
767 3276 861 3356 atque
877 3273 1006 3339 inuenta
1023 3272 1135 3338 dooere
1151 3272 1270 3337 mallet.
1295 3292 1387 3355 quem

258 3376 373 3440 librum
391 3376 449 3441 etsi
464 3378 647 3441 incohatum
668 3377 806 3459 reliquit,
828 3377 862 3441 id
878 3378 961 3460 quod
986 3396 1022 3441 ex
1045 3376 1220 3442 Possidii
1235 3379 1259 3456 ¹)
1283 3376 1388 3441 uerbis

258 3479 435 3545 luculenter
459 3482 588 3563 apparet
612 3480 643 3545 et
660 3498 696 3543 er
712 3480 906 3563 praefatione
925 3479 1084 3546 tralaticia
1108 3479 1276 3561 colligitur,
1301 3481 1388 3544 sexto

261 3582 388 3647 sacculo
403 3582 434 3647 iu
451 3584 625 3667 legentium
640 3584 785 3648 manibus
802 3584 898 3649 fuisse
914 3584 1050 3649 testatur
1066 3582 1388 3665 Cassiodorius').

261 3685 315 3767 qui
336 3705 540 3770 magnacum
562 3686 735 3750 intentione
757 3686 928 3769 legendum
945 3704 1014 3750 esse
1033 3685 1117 3749 dicit.
1150 3703 1186 3748 ac
1208 3684 1273 3749 iam
1294 3704 1388 3767 prae-

261 3790 409 3855 lationem
434 3790 501 3855 eius
523 3790 604 3865 libri,
630 3788 684 3871 qui
699 3789 788 3853 uobis
805 3790 1013 3864 esttraditus‚
1038 3806 1109 3852 cum
1132 3786 1184 3852 liu
1192 3788 1388 3871 gippi11s³)

276 3938 469 3946 ἡκ...-

366 4005 385 4066 ¹)
412 4006 628 4074 Imperfeetu
658 4004 797 4073 quaedam
823 4004 908 4056 etium
934 4020 1048 4071 operum
1074 4018 1190 4056 suorum
1215 4008 1390 4070 praestentur

261 4097 348 4144 neeric
372 4093 527 4161 dereliquit.
558 4094 683 4161 quique
706 4090 841 4159 prodesse
863 4090 990 4144 mactus
1012 4090 1109 4143 colera
1127 4132 1133 4143 .
1153 4129 1160 4143 .
1178 4132 1183 4143 .
1203 4086 1339 4141 Possidins
1357 4086 1391 4139 de

261 4178 319 4229 uita
337 4176 362 4231 S.
383 4180 449 4249 Aug.
468 4196 489 4234 o.
508 4180 548 4233 28.

365 4286 385 4349 ²)
403 4282 522 4339 Cassiod.
542 4282 575 4335 de
593 4282 677 4335 instit.
697 4279 750 4335 diu.
768 4296 817 4335 scr.
834 4296 856 4333 a
877 4280 916 4332 16.

368 4388 389 4457 ³)
407 4386 530 4455 Eugippii
547 4386 624 4440 Exeo.
643 4399 692 4438 rec.
711 4383 807 4436 Knoell
824 4398 845 4437 e.
864 4382 922 4436 322.
940 4398 1001 4451 pag.
1021 4380 1095 4433 1021.
