3159 4967
388 454 436 509 De
453 454 581 510 diuinis
599 456 780 526 seripturis
797 456 871 511 siue
885 456 1072 527 Speculum.
1236 460 1299 525 617

166 644 415 730 apocalypsi:
451 644 494 711 Et
526 645 635 711 audiui
668 664 780 712 nouem
815 646 854 711 de
889 646 978 711 euelo
1014 646 1172 713 dioentom
1203 646 1299 712 mibi:

165 748 285 815 scribe:
308 748 395 817 beuti
416 747 534 813 mortui
555 748 661 831 quiin
685 748 811 815 domino
832 744 1008 815 moriuntur
1031 750 1154 816 amodo.
1190 750 1298 829 stiam,

167 850 245 917 dieit
274 851 414 934 spiritus,
443 852 479 915 ut
507 852 755 934 requiescente
782 852 945 919 laboribus
975 852 1050 918 suis.
1089 870 1186 937 opera
1215 853 1299 919 enim

166 972 275 1020 eorum
305 954 481 1045 sequuntur
514 973 578 1020 eos.
622 954 723 1021 Item
744 955 851 1020 illie:
885 955 1049 1021 Modienm
1081 956 1172 1040 plora
1204 974 1300 1040 super

126 1056 334 1136 emortuum,
365 1058 514 1141 quoniam
545 1059 712 1142 requierit
756 1058 861 1126 Item
889 1058 998 1125 illie:
1031 1058 1152 1126 Luctus
1181 1060 1298 1127 mortui

166 1161 289 1244 septem
311 1161 389 1227 diss.

657 1246 801 1331 xcvii.

537 1410 580 1453 ns
602 1410 709 1452 riom
730 1408 922 1463 morosum.

206 1508 250 1571 ln
284 1505 590 1572 ecelesiastioo:
626 1504 705 1573 Cum
742 1506 824 1573 enim
857 1504 1117 1571 moribrr'homo
1146 1522 1294 1588 nequam,

125 1633 152 1673 ιο
165 1609 357 1677 hereditabit
390 1610 552 1695 serpentes
587 1610 619 1675 et
650 1608 770 1676 bestius
806 1610 837 1674 et
870 1627 1004 1675 uermes.
1049 1607 1155 1672 Item
1188 1606 1295 1683 illie:

165 1710 286 1796 Stuppa
322 1712 457 1779 oolleota
494 1733 655 1800 synagoga
690 1714 907 1798 peccantium:
945 1710 1174 1800 consummatio
1207 1712 1297 1803 enim

163 1814 290 1881 illorum
326 1814 419 1881 inferi
452 1817 485 1882 ot
517 1816 645 1882 flamma
677 1816 770 1901 ignis.
808 1816 862 1881 uia
894 1816 1093 1899 peccantium
1127 1812 1222 1897 plana
1256 1814 1296 1880 ub

165 1918 293 1997 offensu,
326 1918 357 1983 et
383 1918 454 1984 finis
476 1919 603 1985 illorum
625 1918 716 1983 inferi
739 1919 771 1983 et
792 1917 942 1985 tenebrae
965 1917 998 1982 et
1018 1936 1148 2002 poenae.
1192 1916 1295 1983 Item

162 2016 205 2098 in,
230 2021 334 2087 libro
364 2020 605 2119 sapientiae:
639 2020 802 2088 Videbunt
831 2021 912 2086 enim
943 2020 1038 2087 finem
1069 2020 1297 2115 sapientiset

123 2215 322 2290 rsepoeelp
344 2232 416 2289 eap.
516 2234 523 2271 :
557 2214 595 2273 Et
622 2214 720 2273 audiui
746 2229 846 2273 nooem
873 2214 907 2273 do
936 2215 1011 2273 eaelo
1040 2214 1179 2274 dicentem
1206 2213 1296 2275 mihis
1326 2237 1349 2279 α

164 2300 273 2359 soribe:
302 2299 379 2358 beati
407 2299 520 2360 mortui.
564 2300 604 2359 In
633 2300 728 2359 libre
755 2298 1059 2375 sapientiaeoep.
1163 2318 1171 2357 ε
1206 2300 1296 2376 Super

163 2388 304 2445 mortuum
323 2384 465 2445 modioum
489 2385 578 2461 plora.

206 2471 316 2533 xcvii
349 2492 390 2531 nu
413 2491 520 2533 mouns
541 2490 731 2543 moronvm.
764 2470 806 2529 In
834 2469 1100 2529 eeclesiastico
1123 2488 1198 2545 esp.
1287 2490 1295 2529 z

164 2558 256 2629 Quum
277 2557 353 2617 enim
374 2558 492 2617 noritur
512 2559 595 2617 bomo
615 2572 803 2633 nequequam,
825 2555 996 2615 hereditauit
1011 2558 1165 2631 serpentes.
1202 2556 1296 2615 Item

121 2665 150 2705 ao
164 2660 236 2719 cap.
325 2642 466 2719 :stuppa
488 2641 605 2702 eolleota
626 2644 768 2717 sinagoga
788 2642 975 2718 pereuntium.
1021 2642 1110 2701 Item
1133 2658 1207 2716 cap.
1287 2660 1295 2701 τ

162 2729 305 2789 Videbunt
326 2728 401 2787 onim
422 2728 506 2788 linem
528 2729 668 2803 sapientis
691 2730 719 2787 et
740 2744 798 2787 non
819 2726 990 2802 intelligent.
1034 2724 1074 2786 In
1096 2728 1295 2801 euangelio

163 2915 258 2992 quiem
279 2916 336 2976 dat
380 2916 421 2975 In
444 2917 575 2991 epoeal
596 2934 671 2991 esp.
693 2915 843 2975 mnu:
865 2915 904 2975 nu
926 2914 1023 2975 audini
1044 2930 1141 2975 nooem
1163 2914 1196 2975 do
1218 2914 1296 2975 eselo
1323 2938 1348 2997 μ

164 3002 317 3063 dieentem:
340 3002 449 3061 seribe:
470 3002 548 3061 beati
569 3002 672 3061 mortui
693 3018 812 3076 usqne
834 3017 920 3076 opera
940 3000 1015 3061 enim
1030 3014 1124 3065 eorum
1139 3003 1296 3075 sequuntur

163 3088 237 3149 illos.

120 3197 151 3238 ee
207 3174 318 3235 rein.
353 3193 394 3234 nn
423 3192 530 3235 morrrs
558 3191 749 3244 mororum.
782 3172 824 3231 In
849 3171 1105 3231 eeclesiastico
1128 3187 1201 3248 oap.
1225 3171 1292 3233 VII:

164 3260 257 3331 Quum
278 3260 353 3319 enim
373 3259 491 3319 moritur
505 3260 597 3327 borno,
620 3258 792 3317 hereditabit
806 3260 951 3333 serpentes
967 3258 995 3317 et
1009 3257 1117 3319 bestius
1133 3260 1161 3315 et
1174 3274 1293 3317 uermes.

162 3346 253 3405 Item
274 3361 348 3420 cap.
370 3344 426 3403 xl:
450 3344 560 3419 Stuppa
582 3342 699 3403 oolleota
720 3343 863 3417 sinagoga
884 3342 1061 3419 peoeantium
1082 3359 1194 3417 usque
1215 3344 1294 3402 tene·

163 3431 231 3491 brae
253 3432 282 3489 et
301 3446 417 3504 poenae.
462 3431 502 3489 In
531 3430 626 3489 libro
649 3429 864 3503 supientiae
887 3446 959 3503 oap.
982 3428 1026 3488 11:
1056 3428 1197 3489 Videbunt
1220 3428 1295 3487 enim

266 3611 380 3681 rupee.
400 3610 441 3674 14,
460 3611 495 3665 re
580 3610 694 3665 ancon
712 3608 756 3674 ee,
775 3610 807 3664 ιι
895 3608 1091 3674 seruans>
1178 3608 1294 3665 enen.

163 3698 205 3764 ro,
224 3698 257 3752 ιι
272 3696 324 3766 ne)
391 3696 424 3750 ιι
442 3695 522 3751 neon
539 3694 583 3764 ιι,
599 3696 658 3750 ees
670 3694 703 3749 ιο
716 3694 759 3763 (ιο
771 3696 799 3749 ee
813 3696 868 3763 11).
930 3694 964 3748 14
981 3694 1041 3763 sup.
1059 3694 1086 3759 a,
1106 3694 1138 3748 ιι
1152 3696 1179 3748 e
1192 3693 1225 3748 ss

216 3866 230 3919 l
254 3864 400 3934 spoeulipsi
422 3864 482 3921 SM
580 3864 724 3920 lsaribae
748 3865 772 3920 Β
872 3864 1293 3933 etiamitisinros.m.1>S‚

162 3952 216 4006 ianr
241 3951 279 4006 Oo
381 3951 400 4003 4
419 3950 523 4006 illorum
542 3966 564 4006 s.
582 3952 601 4006 l.
627 3951 659 4006 0·
759 3950 825 4021 illie]
843 3951 872 4005 iu
888 3950 956 4005 libro
974 3948 1123 4020 sapientiae
1140 3949 1231 4006 HLO

163 4053 241 4108 super
256 4038 387 4092 mortuum
404 4036 536 4092 medicum
552 4036 629 4107 plora
651 4036 741 4092 mo
841 4036 858 4089 5
885 4036 961 4091 item'
975 4036 1032 4090 illio
1058 4051 1109 4091 om.
1138 4034 1229 4094 ubo

161 4124 179 4178 9
206 4124 285 4193 ouirul
308 4126 399 4178 eutem
418 4122 446 4177 V
545 4124 672 4177 morietur
693 4139 710 4178 o
814 4122 848 4176 10
873 4121 1036 4176 beredituuit
1063 4121 1150 4177 8an
1248 4120 1295 4177 ubi

161 4226 240 4280 supra
257 4209 375 4265 nmo
473 4209 504 4263 ll
529 4212 625 4280 stypps
642 4206 713 4273 HV,
743 4208 867 4277 stupuO
969 4208 1003 4262 12
1024 4206 1059 4261 ab
1077 4206 1193 4261 ottonem
1215 4210 1294 4275 (reru

161 4302 184 4363 s)
203 4298 233 4363 S,
262 4296 298 4353 ud
315 4296 442 4353 offensum
465 4296 565 4361 mo,
595 4295 770 4351 atellensem
792 4296 820 4349 L
922 4294 955 4349 13
969 4296 1006 4349 ⁴et
1021 4294 1084 4349 finis
1105 4292 1138 4350 S:
1167 4294 1196 4348 in
1213 4294 1294 4349 tinen

158 4385 202 4452 (in
218 4400 272 4439 our.
293 4384 329 4452 V)
346 4382 470 4452 MVLO,
499 4386 528 4437 et
543 4383 573 4436 in
590 4382 644 4438 line
660 4399 677 4437 o
780 4381 814 4436 14
831 4381 966 4451 sapientes
987 4380 1013 4437 V
