3159 4967
238 427 305 498 324
465 426 513 482 De
531 426 658 482 diuinis
676 426 856 496 seripturis
872 427 943 480 sins
960 425 1145 496 Speonlnnu

240 633 302 682 non
325 633 406 699 quae
430 614 583 681 donentur
605 633 659 698 por
682 615 839 682 humanae
861 613 1037 698 sapientiae
1052 615 1196 693 nubum,
1216 615 1275 682 sed
1289 635 1373 699 quse

241 718 394 784 docentur
429 737 486 802 per
523 717 678 803 spirituum,
722 717 918 801 spiritalibus
961 717 1118 801 spiritalia
1153 720 1371 802 eonparsntes.

242 822 387 890 animalia
420 823 528 888 autem
561 823 654 888 homo
681 840 742 888 non
767 821 902 906 pereipit
928 839 1011 904 quae
1039 820 1170 904 spiritus
1199 821 1252 886 (isi
1282 824 1371 888 aunt:

240 925 378 992 stultitia
406 927 456 992 est
483 926 566 992 enim
593 925 651 1006 1111,
680 925 713 990 et
740 944 802 992 non
829 924 937 1007 potest
958 923 1050 1004 seire,
1078 923 1165 1007 quod
1186 925 1373 1009 spiritaliter

240 1028 461 1116 interrogatur.
500 1029 555 1114 qui
585 1030 691 1095 sutem
719 1027 873 1113 spiritalis
900 1028 959 1108 ost,
992 1026 1125 1110 inquirit
1156 1028 1270 1109 omnia,
1303 1027 1416 1112 ipses

243 1132 349 1198 autem
373 1152 392 1198 a
413 1133 539 1198 nomino
560 1131 729 1198 iudicatur.
764 1132 865 1198 Item
886 1130 992 1197 illie:
1013 1131 1148 1214 Propter
1162 1131 1249 1214 qnod
1262 1132 1373 1197 notum

241 1235 332 1302 uobis
353 1236 436 1302 faeIo
459 1234 544 1319 quod
564 1253 658 1302 nemo
679 1236 711 1300 in
734 1235 848 1318 spiritu
870 1233 923 1300 dei
946 1233 1025 1300 dieit
1045 1233 1316 1300 anathemaiesu:
1341 1235 1374 1301 ot

241 1357 332 1404 nemo
360 1339 467 1424 potest
496 1339 601 1406 dicere
630 1339 785 1406 ohnetum
815 1337 976 1404 dominnm
996 1337 1101 1402 iesum
1123 1336 1184 1402 nisi
1204 1337 1237 1401 in
1260 1337 1374 1421 spIritn

242 1442 361 1514 saneto.
400 1442 572 1508 diuisiones
595 1443 704 1508 sutem
719 1441 923 1508 donatorum
940 1441 1023 1520 sunt,
1037 1441 1124 1506 idem
1139 1458 1217 1506 uero
1231 1439 1373 1524 spiritus

243 1546 275 1609 et
308 1544 479 1612 diruisionea
515 1545 763 1612 ministeriorum
800 1546 884 1624 sunt,
915 1543 1003 1610 idem
1037 1563 1113 1610 uero
1146 1543 1302 1610 dominus
1341 1544 1417 1612 etse

243 1647 415 1716 diuisiones
438 1647 654 1732 operationum
679 1651 762 1730 sunt,
791 1648 957 1716 sedidem
980 1647 1126 1724 dominus
1148 1646 1203 1730 qni
1225 1646 1373 1730 operatum

243 1749 348 1813 omnis
376 1749 408 1814 in
438 1751 591 1817 omnibus.
630 1752 800 1835 unicuique
830 1751 938 1817 autern
966 1752 1109 1818 nostum
1141 1749 1250 1815 <istm
1267 1749 1373 1816 mani-

243 1851 370 1918 festatio
394 1854 523 1938 spiritus
547 1853 587 1920 ad
610 1855 794 1922 utilitatem.
834 1854 890 1920 alii
912 1855 1019 1921 autem
1042 1854 1135 1920 datm
1156 1853 1375 1936 perspiritum

244 1972 347 2021 sermo
366 1955 558 2040 sapientiae:
583 1957 636 2024 alii
657 1977 735 2044 uero
757 1977 861 2024 sermo
882 1956 1034 2025 scientiae
1049 1956 1223 2024 seeundum
1239 1956 1375 2022 eundem

244 2057 400 2139 spiritum.
439 2060 493 2125 aiii
515 2059 596 2126 fides
618 2061 650 2125 in
674 2061 787 2126 eodem
811 2060 940 2143 spiritu:
968 2060 1023 2125 alii
1043 2060 1166 2144 gratiae
1189 2058 1417 2130 sanitatiumrs

242 2159 275 2226 iu
308 2179 369 2228 uno
403 2161 523 2246 spiritu.
563 2163 618 2230 aiii
650 2163 790 2246 operatio
823 2163 962 2244 uitato,
998 2163 1052 2228 aiii
1079 2162 1287 2248 prophetatio,
1319 2161 1376 2227 aiii

192 2391 214 2432 α
245 2388 319 2446 esp.
340 2373 404 2432 LX:
426 2373 492 2433 Ideo
517 2369 551 2454 <e
573 2390 597 2435 s.
621 2371 674 2433 ou
697 2373 804 2433 udum
826 2377 853 2432 et
873 2370 973 2457 m>
998 2377 1095 2433 notum
1113 2374 1197 2432 nobis
1211 2374 1285 2433 isoio
1299 2374 1376 2448 qnod

244 2474 323 2518 nemo
346 2459 377 2517 in
400 2458 502 2534 spiritu
524 2459 568 2518 toi
591 2475 703 2534 usqne
728 2458 803 2518 idem
825 2460 944 2534 spiritns
966 2459 1095 2520 maidens
1117 2459 1269 2534 unicnique
1290 2463 1376 2535 prout

191 2681 216 2743 μ
244 2664 334 2724 Item
357 2681 431 2740 oap.
455 2665 535 2726 XIII:
557 2665 624 2726 ideo
646 2668 744 2725 notum
764 2664 847 2725 uobis
869 2666 943 2725 Iaoio
965 2666 1039 2740 qnod
1060 2682 1141 2725 nemo
1161 2666 1193 2724 in
1211 2665 1314 2741 spiritu
1328 2665 1376 2724 dei

244 2767 356 2825 nsque
371 2750 445 2812 idem
457 2751 576 2826 spiritus
588 2751 718 2811 diuidens
732 2748 855 2826 siugulis
869 2753 955 2826 prout
966 2751 1039 2810 nult
1061 2751 1114 2813 Aoi
1128 2752 1332 2810 corinthios
1345 2751 1376 2811 II
1387 2777 1415 2816 ae

330 2957 395 3012 ,61
413 2955 472 3013 Cor.
490 2955 532 3022 12,
551 2956 635 3011 8-11

300 3152 313 3205 l
338 3168 392 3210 non
410 3169 434 3222 q;
452 3151 580 3207 donentur
596 3168 615 3224 p
633 3152 746 3208 humane
769 3154 917 3223 sapientise
937 3153 1047 3208 uerbum
1068 3153 1117 3208 sed
1133 3171 1200 3224 qnae
1217 3154 1379 3225 dooentrrp

246 3243 306 3307 epm
333 3237 367 3294 S:
396 3254 449 3293 non
476 3237 723 3309 doemoniorum
747 3238 820 3294 docti
837 3240 872 3308 L)
899 3240 1043 3310 sapientiae
1068 3239 1198 3296 humanae
1223 3241 1312 3298 uerbis
1334 3241 1380 3296 red

246 3322 370 3378 ¹doctrina
387 3327 430 3395 ips
443 3323 573 3380 munes
675 3324 692 3377 3
717 3326 794 3396 quae]
812 3342 845 3379 ea
862 3341 913 3395 que
933 3327 971 3382 Oo
1074 3329 1137 3379 sunt
1158 3325 1266 3395 spiritua
1283 3325 1326 3381 dei
1343 3327 1381 3382 II

251 3409 342 3465 unco
444 3411 461 3463 4
480 3409 557 3480 quod]
577 3410 638 3481 quia
656 3410 787 3468 Muros
881 3410 1099 3482 tintenogstur]
1116 3411 1249 3467 indicatur
1264 3414 1382 3470 mc

246 3497 297 3564 (os.
318 3496 394 3567 But.)
496 3497 616 3568 inquirit]
632 3496 735 3553 iudioat
751 3497 881 3554 ornos
983 3497 1080 3568 tillio]
1098 3497 1133 3552 ad
1150 3498 1292 3554 eorinthios
1309 3498 1382 3567 (eho-

247 3581 360 3638 rinthios
378 3583 428 3653 M)
445 3583 531 3652 prima
552 3583 670 3642 MLVO
769 3585 785 3638 I
808 3600 861 3642 ooa
883 3582 928 3638 dei
949 3584 977 3638 L
1078 3585 1187 3655 loquens
1204 3585 1271 3641 dioit
1291 3587 1380 3643 rm

253 3686 291 3742 Oo
394 3687 481 3744 8oua
500 3685 626 3742 christum
643 3688 761 3746 MVLO
778 3687 827 3759 (es.
844 3690 872 3757 e)
977 3687 1171 3744 dicomulta.
1193 3689 1229 3744 V‘
1330 3677 1380 3743 dns

239 3777 293 3851 ,ihi
312 3789 364 3846 V'o
466 3791 484 3845 9
502 3806 553 3847 om.
571 3793 660 3845 autem
681 3791 709 3846 V
809 3789 841 3845 10
858 3791 1055 3846 ministrationi
1072 3791 1157 3860 Mla,
1183 3791 1380 3848 inministerior'

253 3891 281 3945 v
377 3893 481 3949 aena.-
502 3893 624 3948 somnus
642 3896 670 3948 a
688 3893 713 3949 a
732 3909 756 3948 ο.
776 3910 798 3948 e.
819 3893 868 3951 seo
889 3892 959 3948 uem
980 3910 1031 3951 aa
1052 3894 1080 3949 r
1181 3863 1211 3949 si
1236 3893 1284 3950 aa
1300 3895 1379 3966 roem}

249 3975 321 4032 idem
343 3993 406 4034 uero
430 3978 535 4037 muco
638 3979 768 4049 dominns]
796 3978 861 4034 deus
887 3979 1019 4036 murus
1122 3981 1156 4035 12
1182 3982 1279 4052 antem]
1303 3981 1381 4057 quide

249 4061 364 4120 meo
450 4065 483 4119 14
500 4081 584 4120 sermo
603 4065 714 4136 ruentia
728 4067 734 4135 1
748 4065 795 4121 alii
811 4080 873 4120 nero
891 4080 975 4121 sermo
992 4066 1168 4138 sapientiai)
1250 4085 1302 4124 oea.
1318 4085 1381 4125 nero

251 4183 323 4240 mr
435 4159 703 4242 „ramasses
814 4186 847 4240 15
872 4186 961 4256 gnua
985 4187 1056 4244 roe
1166 4188 1323 4244 anuum
1349 4189 1383 4245 aa

248 4271 414 4414 Ἑῗῗέω
431 4271 545 4330 mo
636 4272 669 4327 16
686 4273 787 4327 uirtutu
805 4272 933 4330 atnoe
1023 4272 1165 4343 profetatio
1182 4273 1219 4329 Se
1243 4274 1382 4344 prophetia
