3159 4967
1285 454 1337 501 VII

206 649 271 713 303
295 647 327 711 et
348 646 414 711 soe
434 664 557 711 uacuae
580 646 662 711 sunt.
700 665 729 729 p.
753 644 834 710 305:
858 644 981 725 nepo
1002 643 1174 725 Exposita
1195 625 1242 711 sa
1264 646 1336 711 Aa·

204 760 332 843 pastilli
353 759 558 841 quorundam
583 758 839 839 propositionum
861 776 899 820 oo
920 756 1053 835 epistola
1076 759 1212 837 aposloli
1233 757 1336 825 Pauli

207 882 252 945 acl
266 880 441 945 Romanos.
476 899 505 962 p.
530 879 594 945 360
616 877 738 961 Incipit
759 878 898 943 eiusdem
918 859 964 945 εἶπ’
983 880 1162 960 Aapastiai
1184 880 1336 959 expositio

205 993 243 1056 ia
266 992 433 1073 epistolam
455 992 498 1056 acl
524 990 671 1057 Galatas.

249 1126 385 1193 Librarii
413 1127 520 1209 plures
545 1127 576 1191 in
601 1128 765 1192 scribendo
790 1146 824 1192 so
849 1127 1039 1209 exceperunt·
1060 1126 1220 1210 iidemque
1242 1126 1337 1191 modo

206 1232 297 1314 nigro
323 1228 417 1296 modo
448 1230 536 1305 iusso
568 1231 742 1295 stramento
773 1232 914 1295 utuntur.
952 1229 1124 1295 fascienlus
1147 1231 1195 1294 ΙΙΙ
1221 1232 1252 1295 st
1275 1231 1336 1294 VII

207 1334 296 1411 lusco
330 1334 435 1398 coloso
471 1336 617 1399 emistus
652 1335 709 1411 est,
743 1333 799 1412 1v‚
830 1332 866 1411 V,
894 1332 939 1397 VI
973 1333 1072 1415 nigro,
1105 1332 1180 1397 indo
1211 1352 1230 1396 a
1257 1352 1337 1397 nono

207 1438 353 1503 i'asoionli
383 1438 499 1521 singuli
527 1437 643 1503 litteris
673 1437 846 1504 maioribus
878 1437 932 1502 aut
954 1436 1136 1516 minoribus,
1161 1437 1337 1501 atramento

206 1542 296 1624 nigro
321 1542 375 1606 oui
397 1540 485 1605 fusco
508 1541 562 1604 nel
584 1559 683 1623 paone
706 1540 799 1618 flauo,
823 1540 980 1621 scriptura
998 1538 1146 1604 nitidiore
1162 1540 1217 1603 ant
1231 1539 1337 1622 psiors

206 1646 290 1709 inter
313 1664 347 1709 so
371 1644 561 1727 discrepant.
599 1644 723 1709 mendis
745 1644 811 1709 illis
832 1644 1006 1709 notissimis
1022 1663 1039 1708 o
1053 1643 1234 1709 litterarum
1256 1662 1337 1724 qua-

206 1747 339 1812 rundam
364 1746 544 1813 ooninsions
567 1748 649 1812 natis
672 1747 772 1812 sodex
795 1747 816 1813 S
839 1748 926 1812 hand
946 1746 1094 1811 immunis
1118 1747 1175 1811 est.
1209 1746 1241 1810 in
1263 1766 1337 1828 por-

206 1849 338 1915 mutatis
361 1850 526 1917 nooslibus
549 1872 564 1913 c
587 1852 619 1915 et
640 1852 664 1929 i,
686 1871 704 1915 o
727 1851 759 1914 ot
780 1872 803 1915 a
826 1851 952 1933 saepius
974 1872 990 1915 c
1013 1851 1046 1913 ot
1067 1871 1085 1915 o
1108 1868 1202 1931 quam
1225 1850 1239 1913 i
1263 1850 1295 1912 st
1315 1871 1338 1912 a

207 1954 386 2018 occurrunt.
423 1954 581 2019 uocabulo
604 1954 789 2035 saepissimo
811 1954 937 2021 inuerso
961 1952 1069 2019 ordino
1091 1953 1248 2035 ponuntur
1272 1953 1336 2034 (60,

208 2058 258 2121 14.
276 2056 327 2133 70,
344 2056 396 2121 20.
414 2058 464 2126 73,
482 2057 510 2120 l.
529 2058 580 2133 ll,
596 2056 617 2119 5
634 2057 699 2140 aL),
722 2057 815 2139 signs
836 2055 1089 2139 transpositionis
1103 2072 1337 2137 nonnumquam

208 2159 368 2225 addantur
391 2161 454 2245 (72,
478 2160 507 2223 9.
533 2160 583 2237 ll,
610 2158 658 2224 10.
682 2160 733 2239 86,
758 2160 778 2225 3
802 2159 866 2243 aL).

251 2298 374 2364 Ceteris
395 2297 494 2373 libris,
520 2316 538 2361 s
561 2296 674 2379 quibus
692 2298 724 2361 ot
739 2296 924 2361 condicione
941 2296 973 2360 ot
989 2293 1177 2359 anctoritate
1194 2292 1338 2365 discedit,

206 2400 307 2466 codex
330 2400 351 2465 S
375 2400 515 2483 capitum
548 2399 687 2463 numeris
719 2399 751 2463 in
781 2400 926 2482 margins
954 2399 1048 2463 rubro
1076 2396 1181 2461 colors
1205 2395 1339 2477 depictis

206 2504 357 2587 praestat.
395 2502 518 2568 numeri
554 2503 660 2565 autom
694 2501 761 2566 sins
794 2520 897 2566 errore
929 2500 1133 2566 rubricatoris
1164 2499 1231 2562 sino
1255 2496 1340 2578 qnod

208 2606 276 2671 neri
310 2606 444 2672 similius
479 2605 528 2671 est
559 2604 674 2669 mondo
708 2604 893 2669 uetustioris
923 2604 1043 2668 codicis
1068 2620 1127 2666 noc
1151 2602 1229 2665 satis
1250 2601 1338 2662 reolo

207 2708 316 2790 scripti
339 2726 396 2772 noo
411 2709 526 2791 integri
543 2728 651 2773 omnes
673 2707 794 2786 traditi,
819 2707 876 2773 sed
896 2704 1149 2788 impositioni,
1171 2704 1208 2766 ut
1229 2700 1339 2765 tabula

206 2809 289 2875 infra
312 2812 454 2894 apposita
478 2812 721 2876 demonstratur.

270 2998 294 3053 I.
313 2999 358 3052 De
377 3000 447 3052 libro
466 2998 575 3069 Lapis.
597 3039 603 3052 .
854 2997 962 3051 XIIII.
981 2997 1017 3051 de
1033 2996 1105 3051 libro
1122 2995 1272 3049 Aoiboeuc.

253 3084 295 3139 II.
314 3084 348 3139 dc
365 3085 502 3141 Latitieo.
900 3083 965 3137 XV.
985 3083 1018 3137 cle
1036 3082 1106 3134 libro
1126 3080 1291 3150 Sophasiae.

234 3170 293 3224 III.
314 3169 348 3223 cle
366 3170 509 3225 Namecis.
881 3168 963 3223 XVI.
983 3168 1017 3220 cle
1035 3168 1105 3220 libro
1123 3166 1288 3220 Zachariae.

218 3255 296 3309 IIII.
316 3255 350 3309 cle
367 3256 592 3310 Deuteronomio.
863 3254 964 3308 XVII.
983 3253 1016 3307 cle
1034 3253 1105 3307 libro
1123 3252 1293 3305 Malachiae.

263 3340 294 3395 V.
313 3340 347 3394 de
364 3340 435 3395 lslro
453 3342 545 3395 Hiesa
564 3342 654 3396 Noae.
845 3341 961 3395 XVIII.
982 3340 1016 3393 cle
1033 3340 1104 3393 liora
1121 3338 1238 3392 Esaiae.

310 3424 344 3480 de
361 3428 491 3481 Psalmis.
825 3427 960 3481 XVIIII.
980 3426 1015 3479 de
1031 3424 1103 3479 lslsro
1122 3422 1290 3477 Hieremiae.

309 3511 344 3566 de
361 3512 533 3567 Proaerliis.
894 3512 964 3566 XX.
982 3510 1016 3565 oe
1033 3509 1105 3563 littra
1121 3507 1283 3564 Eseclulis.

209 3597 293 3653 VIII.
312 3597 345 3650 cle
362 3598 541 3653 Ecclesiaste.
877 3597 963 3651 XXI.
983 3597 1017 3649 etc
1035 3593 1191 3662 Sapientia.
1245 3634 1250 3645 .

310 3683 344 3737 dc
363 3683 487 3737 Coostioo.
860 3682 963 3737 XXII.
983 3682 1017 3735 ile
1035 3680 1243 3735 Ecclesiastico.

309 3769 342 3823 cle
360 3770 431 3823 tolca
450 3770 499 3823 Iob
843 3768 963 3823 XXIII.
983 3766 1017 3821 de
1038 3766 1108 3820 lilsro
1128 3764 1236 3818 Tobiae.

309 3855 369 3920 (huo
385 3868 467 3924 usquo
486 3856 574 3908 omnis
591 3855 688 3922 nnnio).
981 3853 1014 3907 cle
1032 3868 1073 3906 ea.
1091 3866 1143 3905 sec.
1161 3849 1254 3903 Malli.

225 3960 227 3965 ’
308 3942 342 3997 de
361 3942 447 3997 Oscae
768 3898 772 3997 l
869 3938 963 3993 XXV.
987 3938 1120 3991 ..Pater
1136 3940 1253 3989 noster.
1272 3974 1279 3987 .

270 4088 279 4111 .
308 4030 468 4091 (stramento
487 4027 620 4096 scriptum,
640 4042 706 4097 quse
868 4024 963 4078 XXV.
981 4039 1032 4078 sec.
1051 4022 1143 4076 More.

342 4116 487 4183 sequuntur
503 4112 602 4179 minio).
977 4124 1029 4162 sec.
1047 4106 1163 4161 Lucam.

308 4198 343 4254 ele
360 4198 431 4252 libro
449 4196 532 4253 Iolsel.
819 4194 963 4249 XXVII.
983 4208 1034 4247 sco.
1053 4193 1213 4247 Iohannem.

308 4285 341 4339 cle
361 4285 431 4339 libro
449 4286 543 4339 Amos.
980 4278 1014 4333 de
1037 4278 1108 4333 tileo
1131 4283 1247 4333 octaam
1264 4280 1340 4347 Apo-

308 4372 342 4427 cle
360 4370 431 4425 libro
450 4370 571 4425 Michoe.
979 4364 1122 4418 stolorum.
