3159 4967
426 435 474 492 Dc
492 436 617 492 diuinis
635 437 814 507 scripturis
831 436 904 492 sinc
921 433 1102 507 Speculum
1261 433 1325 502 309

204 643 273 692 osso
295 624 447 692 christum
468 623 578 691 iosum.
611 624 711 694 Ihcnr
732 619 839 690 illio:
857 623 899 692 ili
912 622 1073 708 ingressus
1088 621 1201 706 paulus
1216 620 1324 689 statim

202 727 234 793 in
257 745 417 814 synagoga
440 726 625 794 iudaeorum
639 727 844 812 praedicabat
866 728 912 794 cis
927 747 1000 794 cnm
1015 726 1205 795 confidentia
1221 725 1323 792 ‹iomi-

202 849 277 896 num
305 831 418 910 iesum,
450 829 557 896 dicens
586 831 732 916 quoniam
760 831 812 898 hic
840 831 889 897 cst
909 831 1045 897 christus
1066 829 1152 898 filius
1175 829 1226 896 dci
1247 829 1323 896 uini.

202 933 303 1000 iiam
324 932 431 1000 illic:
453 931 593 1000 Verbum
609 933 692 1000 onim
707 949 800 1000 suum
813 933 901 1000 misit
915 933 990 1000 filiis
1004 933 1122 1002 israhel
1137 932 1325 1002 adnuntians
1438 961 1447 981 ·

178 1055 314 1122 opacam
335 1055 390 1122 por
411 1037 512 1122 issum
535 1036 696 1104 christunn
735 1036 785 1102 hic
810 1035 858 1101 est
881 1034 1024 1102 dominns
1040 1035 1186 1106 omnium.
1224 1035 1324 1101 ihc'nr

202 1138 308 1206 illic:
333 1140 453 1224 Quibus
467 1134 672 1222 praeconabat
687 1139 801 1225 paulus
818 1139 943 1206 dicans:
958 1140 1010 1206 hic
1026 1136 1075 1207 ssi
1088 1139 1174 1206 iesus
1189 1138 1326 1205 christus

203 1243 287 1309 iilius
318 1241 473 1322 sicinini,
502 1262 559 1328 por
588 1262 682 1328 qnam
712 1242 903 1324 iudicabitur
934 1243 1033 1310 omnis
1056 1228 1139 1309 orhis
1160 1243 1325 1309 terrarum.

202 1347 304 1412 Iiom
321 1344 367 1411 ad
381 1366 581 1413 romanos:
605 1344 639 1412 si
655 1344 733 1411 dous
746 1365 804 1430 pro
818 1343 918 1425 nobis
935 1347 1004 1432 quis
1020 1344 1189 1414 aduersum
1203 1349 1281 1412 nos?
1299 1343 1326 1410 si

205 1445 283 1514 dous
299 1449 366 1515 filio
382 1461 439 1516 suo
453 1450 577 1534 proprio
592 1467 653 1516 non
667 1449 819 1534 peporcit,
843 1449 900 1516 sod
914 1468 969 1534 pro
984 1450 1074 1516 nobis
1089 1448 1179 1515 illum
1194 1441 1328 1515 naono

166 1553 357 1632 nomnibus,
385 1551 540 1636 quomodo
563 1571 623 1619 non
647 1552 743 1620 chiam
766 1553 871 1619 omnia
891 1552 980 1619 nobis
1003 1573 1076 1620 cnm
1096 1551 1152 1619 illo
1176 1550 1325 1618 donauit?

204 1655 301 1721 Item
323 1655 427 1722 illic:
452 1656 592 1740 Quorum
613 1656 720 1740 patros
743 1655 776 1722 ci
798 1673 836 1722 ox
858 1655 971 1742 qnib'us
994 1657 1130 1723 christus
1153 1654 1327 1736 secundum

205 1777 340 1840 carnem,
374 1759 428 1844 qui
462 1760 511 1826 cst
544 1778 637 1845 super
671 1759 775 1826 omnia
805 1758 884 1826 dous
911 1757 1098 1828 benedictus
1126 1759 1159 1824 in
1188 1758 1325 1824 saccula

120 1883 123 1890 ’
202 1862 302 1928 Ihcm
336 1863 383 1930 ad
411 1861 648 1929 corinthios:
688 1861 753 1929 Nos
783 1861 889 1930 autom
919 1863 1141 1948 praedicamus
1174 1862 1327 1929 christum

204 1965 397 2046 crucifixum,
419 1967 543 2034 iudaeis
566 1967 692 2050 quidem
715 1965 910 2046 scandalum,
933 1967 1079 2054 gentibus
1097 1967 1203 2033 autom
1220 1963 1327 2031 siniti-

167 2156 304 2218 ssiesnm.
354 2157 462 2218 Itoni:
498 2160 537 2218 Es
568 2159 716 2234 ingressus
748 2159 851 2234 paulos
886 2177 999 2234 usquc
1036 2158 1166 2234 qnoniam
1198 2157 1246 2218 hic
1284 2155 1329 2218 osi
1358 2173 1391 2216 α·

206 2244 338 2316 christus,
371 2243 447 2304 filius
480 2245 525 2304 dci
557 2245 627 2306 uiui.
671 2245 758 2304 Iicm
779 2261 853 2320 cap.
947 2264 955 2303 ε
987 2246 1108 2307 Verbum
1139 2244 1214 2305 onim
1247 2260 1329 2306 suum

205 2329 285 2388 misit
314 2329 381 2389 filiis
415 2329 528 2390 israhel.
573 2329 753 2402 †Panlus
787 2330 829 2389 ad
860 2347 1026 2390 romanos
1059 2348 1131 2406 cap.
1159 2329 1254 2390 XXII:
1298 2327 1329 2386 Si

206 2411 275 2474 dous
303 2431 353 2490 pro
383 2415 475 2488 nobis,
506 2415 570 2490 quis
600 2417 696 2474 contra
724 2419 799 2475 nos?
835 2417 883 2490 qni
909 2415 968 2475 filio
998 2432 1048 2476 suo
1075 2416 1199 2491 proprio.
1242 2413 1329 2493 Iiarn

206 2499 437 2576 cap.XX11[[:'
462 2502 585 2573 Quorum
616 2501 712 2577 patros
745 2518 778 2560 cx
812 2502 914 2576 qnihns
951 2501 1085 2562 christus.
1128 2499 1179 2559 Ar
1216 2499 1329 2560 corin·

168 2585 303 2646 aohhios
329 2586 355 2646 1·
377 2602 451 2662 cap.
473 2587 514 2672 V:
557 2587 617 2648 Nos
646 2585 739 2646 aniani
770 2586 965 2662 prachicamns
998 2587 1134 2646 christum
1154 2587 1173 2658 †
1195 2585 1240 2645 cici
1271 2584 1328 2644 uir·

207 2771 252 2832 oo
279 2771 368 2832 snum
397 2789 460 2834 ossa
490 2773 625 2832 corissum
654 2773 753 2834 rosum.
797 2773 885 2834 roam
914 2789 987 2848 cap.
1016 2774 1107 2835 xxv:
1134 2773 1173 2832 nc
1206 2760 1381 2848 ammuh

152 2881 155 2888 ·
206 2857 308 2934 canus
328 2857 491 2933 baptizatus
514 2860 559 2918 ost
579 2875 692 2933 usquo
714 2859 846 2932 qwmarn
867 2858 973 2920 hicost
986 2858 1123 2920 fliiusdci
1136 2857 1206 2918 nini.
1242 2857 1331 2920 Iton

207 2959 282 3018 cap.
364 2943 508 3006 :Vcrhnm
523 2943 598 3004 anim
611 2961 694 3004 suum
707 2945 787 3004 misit
800 2944 867 3007 filiis
883 2944 988 3004 israhsi
1002 2961 1116 3018 osona
1129 2945 1147 3015 i
1162 2943 1332 3005 iuciccbiht

83 3035 88 3046 '
207 3029 282 3090 orbis
311 3031 457 3090 tartarum.
501 3029 553 3090 hc
581 3045 744 3093 romanos
774 3047 849 3104 cap.
871 3031 913 3091 X:
935 3030 968 3088 Si
989 3031 1059 3091 hocs
1080 3046 1131 3104 pro
1151 3029 1245 3099 aonia
1267 3029 1331 3102 qnia

168 3115 304 3174 nconha
324 3117 397 3176 nos?
418 3131 533 3190 usquc
555 3132 617 3178 carn
639 3115 687 3174 iilo
709 3115 899 3178 onnianohis
914 3115 1039 3176 donauit.
1074 3116 1165 3178 Ihcrn
1185 3132 1258 3189 cala
1274 3114 1331 3174 xi:

207 3199 329 3270 Quorum
350 3201 446 3275 patros
469 3201 498 3258 ch
519 3217 552 3259 cx
574 3200 676 3274 quibus
699 3200 822 3260 christos
836 3217 956 3275 ,usquo
976 3201 1141 3260 benedictus
1162 3200 1330 3260 insaecula.

206 3284 258 3344 hd
300 3284 505 3345 corinthios
537 3283 553 3344 1
584 3298 657 3360 cap.
692 3284 723 3345 1:
758 3285 819 3346 iios
858 3287 951 3346 antam
986 3286 1181 3360 pracdicamns
1215 3276 1330 3360 nsquc

309 3482 496 3547 lncaaac
593 3482 799 3549 4th10‚86
896 3483 1261 3549 ohoalaaotaeccl

206 3567 510 3633 8Ron8,310caa
612 3569 825 3636 lchm.9,5
927 3568 1264 3636 131001.1‚2aec24

258 3757 276 3810 2
302 3758 429 3830 sinagogh
456 3761 483 3817 V
580 3759 688 3816 iadcorii
714 3760 741 3818 V
839 3759 1009 3832 arsamis]
1035 3760 1132 3818 flium
1157 3762 1206 3825 Μ,
1233 3759 1331 3815 ficosa

207 3843 289 3900 mc
366 3845 512 3902 8chriahas
530 3861 579 3900 om.
602 3845 643 3902 Vc
723 3845 870 3902 histrahcl
887 3846 928 3903 S·
986 3847 1071 3902 δοκι,
1088 3847 1191 3902 acrba:
1218 3844 1332 3900 Itom-

209 3925 309 3994 Quibus
320 3935 354 3970 ⁸-
366 3929 436 3984 fllius
448 3930 491 3985 dai
501 3929 557 3985 uini
573 3929 688 3986 MLVO
775 3931 792 3986 8
810 3932 877 3986 item
892 3933 984 4001 paulus
1001 3933 1134 4001 apostolus
1152 3932 1190 3985 M
1191 3931 1266 3986 VLO

208 4011 354 4084 aduaramn]
378 4017 470 4071 contra
492 4013 620 4072 MLVOc
722 4015 745 4072 si
767 4015 840 4087 daus]
865 4018 909 4088 qni
931 4015 1048 4086 MVLO
1148 4017 1164 4071 9
1186 4032 1232 4085 pro
1255 4016 1331 4070 nobis

208 4097 327 4153 omnibns
338 4100 450 4156 tradidit
461 4101 535 4156 illum
546 4101 676 4158 mco
776 4102 809 4158 10
821 4119 880 4158 cum
891 4103 936 4160 illo
949 4103 1037 4158 omnia
1048 4101 1124 4158 nobis
1137 4098 1264 4159 MLVOc

208 4181 238 4238 11
257 4184 320 4254 illic]
334 4177 374 4239 'ad
391 4201 510 4241 romanos
528 4183 644 4243 ΜΗΘ
726 4189 815 4258 patros
833 4204 864 4245 cx
882 4189 942 4258 (om.
962 4191 998 4256 ch)
1016 4184 1133 4244 ΜΗΘ
1222 4185 1255 4241 13
1272 4187 1331 4241 cho-

208 4270 300 4324 rintios
317 4271 360 4335 M,
387 4271 546 4326 chorinthios
563 4271 620 4342 Lo,
644 4263 711 4329 ἁάᾱ.
729 4271 743 4326 Ι
763 4273 795 4338 V,
821 4274 906 4343 prima
923 4269 1012 4330 Mac
1087 4274 1120 4328 14
1136 4270 1236 4329 acrba:
1253 4273 1331 4328 cruci-

201 4355 304 4410 fixum.
319 4371 424 4425 nosque
441 4357 480 4412 ad
497 4356 623 4412 christum
639 4373 690 4414 cm.
709 4359 826 4416 ΜΗΘ
