3159 4967
684 422 866 492 Speculum.
1275 425 1341 490 285

214 611 471 677 sustinendos
493 614 657 696 proptor
679 631 815 677 nomen
840 612 918 690 dei,
943 614 981 678 et
1005 632 1073 696 per
1094 614 1337 696 paenitenti·

214 733 268 778 am
297 714 343 779 ad
371 715 494 796 prima
516 716 614 781 bona
646 734 765 798 opera
797 715 1058 794 redeundum,
1083 717 1121 781 et
1142 736 1266 800 nsque
1291 717 1339 782 ad

213 819 376 882 mortem
406 819 711 901 persecutiones
741 838 810 900 pro
844 818 926 883 fide
954 820 1203 898 tolerandas,
1235 821 1273 886 et
1300 819 1338 884 in

213 920 384 985 caritate
407 919 648 987 fernandum.
688 924 798 986 eirea
819 919 941 987 finem
965 923 1094 987 autem
1115 923 1229 1000 libri,
1253 941 1338 988 eum

187 1021 258 1087 ode
288 1024 432 1089 saneta
461 1025 633 1090 ciuitate
661 1023 912 1106 loqueretur:
934 1025 1001 1090 Nee
1023 1026 1163 1103 intrabit,
1185 1025 1337 1107 inquit,

212 1126 243 1190 in
260 1145 299 1191 ea
313 1127 432 1210 aliquid
448 1128 682 1211 coinquinatum
699 1127 731 1192 et
745 1126 864 1192 faciens
881 1127 1142 1193 abominationem
1158 1129 1190 1194 et
1203 1131 1338 1195 menda·
1426 1121 1433 1134 ’

212 1233 305 1298 oium.
345 1231 392 1296 lit
415 1219 528 1296 alio'i:
550 1229 642 1296 Beati
665 1230 718 1312 qui
739 1230 850 1294 lauant
871 1230 969 1296 stolen
992 1249 1076 1310 suas,
1091 1231 1128 1297 ut
1142 1231 1184 1295 sit
1197 1230 1340 1313 potestas

214 1354 319 1401 eorum
347 1334 379 1398 in
407 1333 492 1417 ligno
515 1334 600 1399 uitae
624 1334 656 1398 et
677 1333 775 1417 portis
796 1332 914 1398 intrent
935 1333 1109 1399 ciuitatem.
1142 1333 1217 1399 foris
1242 1351 1338 1398 eanes

210 1439 245 1514 et
273 1436 407 1503 uenelioi
435 1439 467 1500 et
493 1436 633 1519 inpudici
662 1435 694 1500 et
721 1435 898 1501 homicidae
927 1436 960 1502 et
986 1437 1081 1503 idolis
1109 1437 1282 1502 seruientes
1306 1437 1339 1500 et

174 1556 199 1596 1⁰
212 1542 312 1607 omnis
335 1541 388 1624 qui
410 1541 496 1606 amat
518 1540 550 1605 et
571 1539 648 1606 iaoit
668 1538 878 1605 mendacium.
914 1558 972 1624 ego
994 1542 1084 1606 Iesus
1098 1539 1171 1606 misi
1190 1539 1336 1624 angelum

212 1663 317 1710 meum
339 1644 503 1709 testificari
525 1644 624 1710 uobis.

314 1847 331 1900 4
348 1847 429 1916 Apoe.
446 1847 490 1911 21,
508 1847 541 1901 27
645 1849 660 1901 7
679 1848 758 1916 Apoe.
777 1847 820 1910 22,
841 1847 941 1902 14-16

265 2039 278 2091 1
298 2035 526 2104 sulmonensis,
544 2035 683 2089 sustinenti
702 2035 731 2099 0,
750 2034 906 2090 sustinendo
924 2035 948 2090 S
1031 2036 1085 2106 per]
1103 2051 1215 2106 propter
1232 2037 1271 2091 1²²

212 2122 412 2192 paenitentiam]
424 2126 506 2190 parra
518 2121 562 2188 M,
586 2125 732 2189 patrenus
744 2121 803 2183 PG,
824 2135 1008 2190 pemteneram
1020 2136 1051 2174 ae
1063 2136 1224 2190 pameneram
1242 2122 1269 2178 R

212 2208 229 2260 2
247 2222 327 2278 opera
343 2207 414 2262 bone
431 2223 450 2260 a
536 2205 553 2260 3
571 2204 739 2261 tolleranter
753 2207 787 2269 P,
805 2206 963 2261 tolerandos
978 2206 1010 2263 S:
1029 2207 1176 2276 operandas
1190 2207 1259 2276 Me,
1278 2223 1338 2276 ope-

213 2301 309 2350 rantes
323 2296 351 2350 R
429 2293 624 2364 sternendum]
642 2292 807 2347 seruiendum
824 2310 843 2346 a
917 2309 1013 2348 aurem
1030 2293 1112 2348 sunem
1129 2294 1169 2348 Sa
1245 2294 1337 2365 tneo]

213 2397 266 2436 non
292 2381 355 2436 Rae
458 2378 550 2448 mqmd
576 2379 666 2434 MPO
777 2379 879 2432 team
905 2379 989 2435 Roas
1098 2378 1239 2433 llabann
1264 2381 1337 2435 ΜΡ1

215 2469 343 2536 (Aurios.)
436 2466 505 2537 suas]
525 2465 591 2520 add.
610 2467 638 2518 in
655 2465 780 2533 sunguine
799 2465 861 2534 agni
879 2482 914 2519 aa
1009 2465 1090 2534 Sper
1105 2472 1202 2534 porres
1216 2467 1269 2520 P'o

212 2571 430 2636 intinitatem,
456 2587 485 2624 1n
496 2584 645 2624 ermrarem
657 2555 725 2623 seam
742 2569 778 2623 1²¹
847 2575 921 2622 eamr
935 2569 973 2623 M
975 2570 998 2624 0
1065 2570 1082 2624 9
1098 2569 1217 2624 neneieer
1233 2571 1271 2624 M

212 2655 358 2710 homrerdrae
386 2657 408 2712 0
521 2655 553 2708 10
579 2661 669 2708 omnes
692 2654 730 2708 M
843 2653 874 2707 11
900 2654 1048 2724 testificari]
1075 2656 1142 2710 add.
1168 2656 1216 2709 hee
1241 2656 1269 2709 R

213 2755 339 2796 murem
365 2755 449 2797 ecurt
475 2755 611 2796 revertur
634 2745 679 2796 0131
700 2755 783 2794 nmen
806 2753 889 2794 emus
911 2748 974 2794 rom
998 2755 1139 2795 srecmum
1164 2754 1337 2795 assemsum

213 2827 284 2889 ΜΟ,
310 2843 440 2882 murem
464 2842 571 2882 snnnvs
595 2841 774 2882 rvevsrnsvs
795 2829 847 2879 sie
869 2840 954 2880 mnu
976 2841 1058 2881 evrrs
1081 2842 1184 2881 rom
1206 2831 1287 2892 (corr.
1309 2831 1336 2880 et

212 2913 341 2983 speculum
360 2913 509 2984 appellauit
528 2913 618 2983 suppl.
631 2914 668 2967 al.
680 2912 726 2982 m.)
743 2913 777 2980 P,
805 2910 924 2980 Erpherr
941 2910 1115 2966 peortaneu
1132 2913 1276 2981 Angusrmr
1294 2918 1336 2981 epi

214 3016 257 3069 qm
275 2999 428 3068 appellatur
445 3000 574 3069 speculum
591 3000 626 3063 R,
652 3013 782 3054 nxrnrorn
800 3012 886 3052 eninr
898 3012 1054 3053 suessam
1070 3002 1119 3054 rin
1130 2999 1142 3069 ΙΙ
1152 3013 1237 3053 nmen
1254 3012 1338 3054 eorus

212 3100 314 3140 seusu
333 3099 507 3141 termnum
528 3087 532 3153 Ι
554 3099 699 3140 ornemur(
718 3084 741 3138 S
