3159 4967
276 421 338 488 170
658 417 685 472 S.
703 416 819 484 Aureli
835 417 1017 486 Augustini

274 609 332 677 sed
368 609 547 674 ministrare
585 609 618 672 et
651 607 727 672 (lare
765 607 903 674 animam
937 625 1027 672 suam
1064 606 1314 689 redemptionem
1348 625 1404 689 pre

274 711 392 778 multis.
437 712 486 778 lit
508 711 718 794 aliquante
739 711 846 794 pest:
869 711 1006 776 Reddite
1030 728 1104 793 ergo
1127 729 1209 793 quae
1231 711 1304 774 sunt
1319 709 1404 776 an-

274 816 354 882 earis
388 815 528 888 Caesari,
563 815 596 878 et
630 833 711 897 quae
745 814 819 878 sunt
853 813 905 878 dei
939 813 1007 878 deo.
1053 813 1100 880 at
1132 813 1244 880 alibi:
1281 811 1404 894 Diliges

275 920 437 986 deminum
460 919 555 984 deum
575 920 666 984 tuum
687 919 721 984 in
741 919 809 984 tete
833 917 927 984 eorde
949 919 1015 996 tue,
1041 917 1204 982 etinteta
1219 916 1324 982 anima
1337 916 1404 994 tua,

275 1024 308 1088 et
329 1023 361 1088 iu
378 1023 448 1088 tota
461 1023 567 1088 mente
580 1023 646 1087 tua.
678 1023 735 1088 hee
759 1023 808 1087 eat
822 1021 996 1086 marimum
1012 1021 1044 1086 et
1058 1021 1195 1103 primum
1208 1020 1404 1086 mandatum.
1431 1037 1445 1078 ⁵

272 1127 449 1192 seeundum
471 1128 577 1192 autem
592 1127 695 1192 simile
712 1128 762 1192 est
775 1127 865 1191 huie:
890 1125 1004 1208 diliges
1019 1125 1194 1207 proximum
1210 1127 1302 1192 tuum
1320 1124 1407 1192 aaut

272 1232 306 1296 te
327 1232 441 1313 ipsum.
491 1232 523 1296 in
553 1231 602 1296 his
631 1231 753 1297 duobus
781 1229 944 1295 mandatis
971 1230 1121 1294 uniuersa
1147 1231 1200 1296 lex
1227 1231 1345 1312 pandet
1373 1231 1406 1296 et

275 1337 457 1418 prophetae.
502 1335 550 1400 at
571 1336 661 1418 pest
681 1352 831 1418 paucos
860 1353 1018 1400 uersus:
1056 1334 1143 1400 Tune
1166 1335 1257 1400 lesus
1278 1335 1406 1400 loeutus

276 1439 326 1503 est
358 1439 399 1504 ad
432 1439 543 1504 turbas
572 1440 604 1502 et
632 1437 805 1521 discipules
836 1457 909 1504 sues
941 1437 1065 1504 dieens:
1101 1457 1195 1521 super
1217 1437 1404 1503 cathedram

274 1542 376 1627 Moysi
400 1542 551 1608 sederrmt
571 1543 694 1608 scribae
718 1543 750 1606 et
772 1541 950 1606 Pharisaei:
975 1542 1080 1608 omnia
1096 1559 1170 1624 ergo
1186 1558 1405 1624 quaecumque
1419 1553 1446 1594 10

278 1644 413 1710 dixerint
435 1646 526 1711 uobis
548 1646 675 1710 seruate
698 1645 730 1710 et
751 1645 858 1723 facite,
882 1646 1056 1711 seeundum
1080 1663 1175 1728 opera
1197 1663 1272 1711 uere
1296 1663 1405 1710 aerum

273 1748 372 1813 nolite
404 1749 526 1813 faeere:
561 1748 671 1813 ffieuut
700 1749 783 1814 enim
811 1750 844 1814 et
872 1768 933 1814 non
960 1748 1089 1814 smirna.
1138 1748 1270 1831 alligant
1298 1747 1406 1813 autem

274 1869 371 1916 onera
392 1853 505 1934 grauia
526 1853 559 1916 et
580 1851 781 1934 inportabilia
805 1853 838 1916 et
858 1852 1010 1935 inponunt
1031 1852 1062 1918 in
1085 1869 1212 1916 umeros
1232 1851 1405 1928 hominum,

275 1952 374 2038 digito
399 1958 506 2021 autem
529 1974 586 2020 sue
608 1955 719 2020 nolunt
748 1975 786 2022 ea
808 1975 946 2022 mouere.
993 1955 1098 2022 emnia
1126 1972 1201 2020 uere
1231 1972 1326 2037 opera
1348 1972 1407 2018 sua

273 2057 404 2136 faciunt,
427 2060 464 2123 ut
480 2057 650 2124 uideantur
673 2061 712 2123 ab
734 2060 922 2127 hominihus.
962 2060 1097 2126 dilatant
1112 2060 1196 2124 enim
1210 2058 1407 2144 phylacteria
1419 2067 1446 2108 ¹⁵

274 2181 333 2228 sua
356 2164 388 2228 et
409 2163 613 2246 magnificant
629 2161 778 2228 fimbrias.
827 2165 935 2230 amant
963 2165 1068 2230 autem
1097 2163 1213 2246 primos
1243 2162 1406 2228 recubitus

273 2265 306 2330 in
329 2266 437 2332 caenis
460 2267 493 2330 et
512 2267 631 2348 primas
653 2267 822 2334 cathedras
844 2266 876 2332 in
899 2268 1067 2352 synagogis
1090 2267 1122 2330 et
1143 2265 1351 2332 salutationes
1373 2265 1405 2330 in

273 2369 339 2436 fero
365 2371 398 2433 et
419 2369 528 2435 uocari
551 2371 591 2435 ab
612 2370 792 2436 homiuibus
814 2371 914 2437 rabbi.
960 2390 1017 2436 uos
1041 2371 1148 2436 autem
1177 2369 1275 2436 nolite
1296 2367 1405 2433 ueeari

272 2472 378 2538 rabbi:
400 2492 482 2538 unus
498 2473 547 2538 est
562 2474 645 2538 enim
662 2473 815 2556 magister
831 2475 947 2552 uester,
971 2492 1079 2538 omnes
1096 2474 1202 2538 autem
1217 2490 1275 2538 uos
1289 2471 1405 2538 iratres

274 2577 360 2642 estis.
405 2578 438 2642 et
459 2578 581 2660 patrem
604 2577 702 2643 nolite
724 2595 840 2643 uocare
862 2578 954 2644 uobis
977 2577 1225 2661 superterram:
1249 2593 1331 2640 unus
1355 2575 1405 2638 est
1418 2582 1445 2624 ¹⁰

274 2681 357 2746 enim
378 2681 469 2764 pater
490 2681 606 2758 uester,
631 2681 738 2763 quiin
761 2680 860 2746 eaelis
884 2680 941 2746 est
987 2698 1044 2745 nee
1068 2678 1225 2745 ueremini
1247 2676 1404 2759 magistri,

274 2784 348 2866 quia
362 2784 515 2867 magister
530 2785 637 2850 uester
651 2802 732 2850 unus
749 2785 798 2848 est
814 2783 966 2850 GhrIstus.
999 2784 1052 2866 qui
1068 2783 1169 2848 maior
1187 2781 1237 2848 est
1250 2780 1403 2856 uestrum,

274 2887 336 2950 erit
356 2887 499 2952 minister
521 2887 638 2952 uester.
683 2887 738 2969 qui
762 2887 869 2952 autem
892 2905 926 2952 se
949 2886 1146 2964 exaltaberit,
1175 2883 1404 2960 humiliabitur,

274 2990 307 3054 et
335 2991 390 3071 qui
418 3009 453 3055 se
474 2991 700 3069 humiliauerit,
724 2990 923 3056 exaltabitur.
968 2991 1017 3055 Et
1043 2990 1164 3074 paule
1197 2987 1303 3071 post:
1336 2984 1404 3050 Vae

272 3093 373 3170 uobis,
397 3092 519 3158 scribae
543 3094 575 3158 et
597 3094 759 3158 Pharisaei
774 3095 966 3178 hypocritae,
990 3095 1065 3177 quia
1081 3091 1247 3158 decimatis
1262 3089 1403 3156 mentam
1419 3097 1446 3140 ἥ

231 3244 235 3253 .
274 3196 307 3261 at
327 3196 476 3262 anethum
492 3196 525 3262 et
539 3197 707 3282 eyminum,
724 3198 757 3262 et
769 3197 945 3279 reliquistis
961 3215 1041 3280 quae
1057 3196 1205 3279 grauiora
1219 3193 1293 3260 sunt
1306 3190 1405 3275 legis:

274 3297 431 3364 iudieium
464 3299 498 3363 et
528 3299 780 3365 misericerdiam
814 3301 846 3366 et
872 3300 979 3366 fidem.
1024 3301 1102 3366 haee
1133 3297 1271 3382 oportuit
1298 3295 1404 3360 iaaere

374 3449 392 3503 2
409 3449 506 3507 Matth.
524 3451 566 3517 22,
585 3452 617 3506 21
714 3453 784 3509 aih.
803 3453 906 3508 37-40
1001 3453 1018 3508 8
1036 3451 1132 3508 Matth
1150 3451 1194 3518 23,
1215 3449 1300 3507 1-12

272 3539 307 3592 24
324 3539 361 3594 ib.
379 3538 481 3594 ass-ae

325 3676 462 3732 1th
536 3678 594 3748 hpr
612 3679 669 3748 alre
688 3679 752 3733 ΡΟ
826 3683 1035 3733 cenanreemn
1053 3679 1100 3732 Μ1
1180 3677 1290 3749 Sahbi]
1308 3678 1334 3750 p’
1352 3679 1409 3750 ahq

272 3762 311 3817 Ρ1
396 3763 932 3821 taertareti.t.mentetuaorn0
1016 3763 1194 3833 esbernum
1281 3763 1410 3834 (idrlrgri

272 3847 357 3904 ΜΨ
425 3849 502 3918 eet]
522 3865 555 3903 er
580 3849 615 3904 ari
632 3849 696 3905 Rae
721 3850 792 3919 (ceri.
812 3851 886 3918 Am.)
958 3850 992 3903 10
1008 3857 1095 3920 meyre
1113 3849 1198 3905 M¹P¹
1266 3849 1357 3919 pharii
1371 3856 1408 3904 ser

271 3934 311 3988 Μ
327 3935 380 4004 (sie
396 3935 489 4003 infra)
566 3935 597 3989 11
617 3935 738 4007 dixerint]
757 3953 808 3992 em.
829 3937 867 3991 Ρι
941 3936 983 3991 u'o
1001 3953 1054 4009 epa
1071 3937 1098 3992 R
1169 3935 1201 3990 13
1219 3935 1308 4005 onera]
1327 3950 1408 4006 opera

272 4021 321 4076 Μ’
406 4019 533 4076 humemt
548 4023 585 4077 P¹
673 4023 706 4076 14
724 4039 756 4077 ea
773 4023 874 4078 nolunt
891 4023 919 4079 R
1005 4025 1076 4093 uero]
1095 4028 1141 4076 eni
1159 4023 1189 4086 0,
1207 4038 1296 4077 uerear
1313 4023 1342 4076 P

272 4109 306 4162 15
323 4109 485 4179 phrlaererra
504 4109 610 4178 (philar.
629 4108 669 4180 R)
687 4109 838 4165 MP¹ORS
913 4109 946 4163 17
965 4113 1096 4178 husgegrt
1112 4110 1214 4166 M¹PR
1295 4107 1330 4162 18
1346 4105 1407 4162 rahr

272 4195 349 4252 MR
434 4195 469 4251 20
490 4196 566 4250 uebrt
584 4210 679 4250 ueeare
702 4195 834 4251 MPORu
913 4195 946 4250 21
970 4211 1039 4252 enirn
1062 4202 1106 4250 eir
1124 4197 1153 4251 P
1174 4197 1246 4266 (eod.
1263 4197 1337 4259 Arra)

271 4283 450 4354 sstjexaltatu
517 4282 601 4352 24se]
615 4299 665 4338 em.
679 4283 717 4337 Ρι
786 4281 1053 4339 bumrharMPGSa
1121 4283 1155 4336 25
1173 4283 1243 4353 quia]
1263 4281 1338 4351 (μία

271 4369 306 4425 26
324 4369 427 4424 autum
443 4368 579 4424 MPGRS
644 4376 742 4422 ermmu
760 4368 875 4424 MGRS
940 4368 1074 4438 reliquitur
1095 4369 1124 4433 0,
1143 4368 1292 4438 relinquitis
1310 4384 1330 4422 a
