3159 4967
675 424 859 492 Speeulnm.
1258 423 1331 488 3215

203 612 345 678 infirmis.
382 613 410 678 ei
444 613 527 678 enim
561 613 630 695 quie
658 613 774 678 uiderit
802 627 874 678 enm
903 613 956 696 qni
985 612 1082 678 hebet
1111 613 1275 677 seientiam
1297 613 1329 676 in

203 715 302 780 idolio
323 717 569 793 recumbentem,
590 732 692 782 nenne
714 716 908 781 eemeientie
933 716 1012 792 eine,
1036 731 1108 780 enm
1132 715 1174 781 eit
1195 713 1328 790 infirme,

207 819 426 885 nedifleebitnr
448 819 489 884 ad
510 819 764 885 mnndnennrium
784 820 982 904 idolothyta?
1003 819 1037 884 et
1058 819 1173 901 peribit
1187 818 1330 884 infirmus

204 922 235 986 in
269 923 327 987 tue
354 923 487 988 seientia
512 922 621 1005 freter,
654 925 780 1006 prepter
809 911 1076 1006 quemchristus
1104 923 1247 988 mortuns
1270 923 1328 986 eet.

179 1025 251 1089 eeie
282 1027 387 1090 eutem
415 1026 586 1108 peeeantee
614 1025 646 1090 in
679 1026 793 1090 fretree
815 1027 848 1090 et
869 1027 1082 1108 percutientes
1104 1025 1329 1090 eeneeientiem
1421 1061 1423 1068 ›

205 1147 313 1194 eernm
346 1129 502 1195 infirmem
534 1130 567 1193 in
596 1127 755 1194 Ohrietmm
788 1130 937 1211 petentis.
975 1130 1164 1211 quapropter
1196 1129 1222 1192 ei
1255 1146 1330 1194 esee

204 1233 400 1298 wendelinnt
421 1232 551 1298 fratrem
572 1251 689 1310 meum,
712 1251 772 1299 nen
797 1233 997 1298 mendueebe
1019 1251 1146 1298 earnem
1168 1233 1200 1297 in
1223 1233 1329 1296 neter-

203 1353 289 1412 nnm,
323 1353 362 1400 ne
395 1335 525 1401 tratrem
557 1354 665 1401 menm
698 1335 919 1401 scandalizem.
979 1335 1026 1400 Et
1061 1334 1151 1417 post
1186 1351 1329 1416 panea:
1389 1419 1392 1426 Ι

202 1437 364 1521 Numquid
390 1457 451 1504 nen
479 1439 632 1503 habemns
659 1438 850 1520 petertetem
877 1437 1091 1504 mandunendi
1122 1437 1154 1501 et
1179 1436 1330 1501 bibendi?

164 1569 190 1607 re
203 1540 357 1623 mnnqniei
378 1559 440 1606 nen
459 1538 614 1605 hebemus
635 1540 826 1622 potestatem
850 1551 988 1605 seronem
1010 1539 1176 1604 mulierem
1193 1539 1328 1604 eircum-

204 1643 351 1720 dneendi,
374 1643 458 1708 nient
480 1645 512 1708 et
534 1643 631 1707 ceteri
658 1642 790 1725 apostoli
811 1642 843 1706 et
868 1642 981 1708 iretree
998 1643 1114 1708 demini
1137 1643 1170 1706 et
1185 1642 1330 1724 Gephee?

186 1749 260 1811 ent
296 1747 382 1812 selue
419 1763 478 1830 ege
508 1749 541 1811 et
569 1747 731 1811 Barnabae
762 1765 825 1812 nen
857 1747 1009 1812 hebemus
1045 1746 1235 1828 peteetetem
1268 1745 1326 1809 hee

203 1849 374 1931 operandi?
401 1851 471 1932 quie
499 1850 617 1914 militet
638 1851 704 1914 suis
731 1849 896 1932 stipendiis
918 1853 1091 1932 umquem?
1114 1849 1184 1932 quie
1207 1848 1329 1930 plantet

201 1951 337 2029 ninenm,
367 1954 400 2017 et
428 1953 467 2017 de
494 1953 596 2018 irnetn
620 1954 688 2018 eiue
717 1971 777 2019 nen
802 1953 887 2019 edit?
916 1954 986 2036 quie
1008 1953 1111 2036 peneit
1132 1969 1273 2036 gregem,
1297 1952 1330 2015 et

163 2081 190 2120 rr
203 2054 244 2118 ‹ie
264 2055 349 2120 ieete
370 2057 477 2139 gregis
498 2075 560 2120 nen
580 2055 773 2122 manducet?
799 2056 952 2140 numquid
972 2056 1147 2122 seeundum
1170 2055 1327 2120 hominem

201 2159 281 2222 haee
305 2159 396 2224 dieo?
426 2177 464 2224 an
494 2160 528 2224 et
547 2159 599 2224 lex
621 2161 699 2224 haee
726 2179 787 2224 nen
818 2159 916 2224 dicit?
946 2159 1097 2241 seriptum
1121 2159 1170 2223 eet
1192 2159 1327 2222 enimin

200 2261 273 2344 lege
301 2262 419 2346 meyri:
452 2281 512 2328 nen
542 2260 688 2345 alligabis
717 2281 752 2328 ee
785 2263 859 2328 boui
892 2263 1060 2327 trituranti.
1102 2262 1254 2344 numquid
1289 2261 1328 2324 de

201 2363 304 2429 bnbne
327 2383 403 2430 enre
427 2366 476 2430 eet
498 2365 581 2430 dee?
602 2383 643 2430 nn
657 2366 783 2448 prepter
800 2383 856 2430 nee
871 2366 981 2446 utique
998 2365 1096 2428 dicit?
1114 2383 1186 2429 nem
1202 2365 1330 2447 prepter

202 2483 260 2530 nee
283 2468 401 2550 eeripta
423 2469 505 2551 nunt,
529 2469 675 2550 queniam
699 2469 794 2533 debet
813 2469 846 2533 in
870 2487 924 2551 spe
947 2485 1036 2532 erere
1060 2466 1113 2550 qni
1136 2468 1205 2532 aret
1228 2468 1329 2550 etqui

162 2568 330 2644 eotritnret
365 2571 397 2634 in
431 2589 487 2653 epe
519 2571 640 2635 frnetne
672 2571 873 2654 percipiendi.
916 2571 943 2636 si
971 2589 1028 2636 nee
1055 2569 1147 2634 nobie
1174 2570 1329 2652 spiritalia

203 2673 437 2750 seminanimns,
465 2689 614 2756 magnum
643 2675 693 2740 eet
720 2675 747 2739 si
774 2675 883 2740 neetre
916 2675 1056 2740 earnalia
1088 2675 1267 2738 metemur?
1302 2673 1328 2738 si

203 2773 257 2839 alii
285 2777 453 2857 potestatis
480 2778 609 2841 nestrae
635 2777 805 2860 participes
840 2778 920 2855 eunt,
953 2796 1013 2842 nen
1034 2777 1139 2860 potine
1162 2781 1240 2842 nee?
1270 2776 1327 2842 sed

202 2897 262 2944 nen
284 2879 334 2944 uei
357 2897 465 2944 eumne
487 2881 545 2944 hee
567 2881 735 2963 potestate,
758 2881 817 2947 sed
839 2881 944 2946 omnia
967 2881 1158 2946 suntnemue
1181 2899 1219 2944 ne
1243 2877 1327 2962 qued

202 2981 424 3046 offendiculum
453 2981 563 3048 iemne
592 2983 756 3066 euangelio
784 2984 911 3049 Ohrieti.
945 2984 1073 3049 nescitis
1103 2985 1250 3067 queniam
1274 2985 1326 3068 qni

161 3117 188 3156 η
201 3083 233 3149 in
257 3085 395 3149 seernrie
417 3086 585 3167 operentur
606 3105 688 3168 qnae
711 3087 751 3152 de
767 3088 904 3152 seeretie
921 3089 994 3152 eunt
1011 3087 1119 3166 edunt,
1144 3088 1197 3170 qni
1212 3088 1326 3153 eiterie

202 3186 386 3251 deseruiunt
406 3201 479 3252 cnm
502 3188 614 3253 alterio
629 3191 878 3272 participentur?
899 3191 947 3256 ite
963 3191 995 3255 et
1011 3191 1155 3256 dominns
1171 3191 1330 3256 ordinauit

159 3333 165 3344 ·
201 3290 321 3372 hirqui
338 3291 536 3374 euangelium
553 3293 739 3358 adnuntient
754 3294 793 3358 de
810 3295 974 3378 euangelio
993 3295 1110 3360 ninere.
1147 3311 1205 3377 ege
1222 3296 1328 3360 entem

307 3443 353 3497 91
371 3444 428 3500 Cor.
447 3445 472 3509 9,
490 3445 576 3498 4-27
596 3449 624 3500 et
639 3444 654 3499 Ι
671 3446 729 3502 Cer.
749 3448 790 3512 10,
810 3449 823 3502 1
928 3449 959 3502 17
979 3447 1011 3503 cf.
1030 3449 1108 3504 Dent
1128 3449 1170 3513 25,
1188 3449 1205 3500 4

254 3582 267 3634 l
291 3579 416 3641 infirmnm
439 3582 547 3664 MPU,
573 3581 693 3637 infirmus
714 3585 746 3641 8ι
850 3587 867 3639 2
889 3586 1064 3640 reenbenrem
1081 3601 1110 3639 111
1128 3586 1209 3640 idolio
1228 3586 1259 3640 S¹

200 3665 270 3721 rdele
297 3667 355 3722 O¹a
380 3667 424 3731 (ei.
441 3666 520 3722 idolio
539 3685 559 3722 a
575 3669 608 3723 ier
625 3672 722 3740 marp.)
826 3671 1026 3728 Baedrfieerur
1050 3674 1147 3729 ΗΡΘ
1246 3673 1328 3728 idolo·

201 3751 285 3809 rhua
301 3752 414 3822 moe,
439 3752 602 3822 ydolorrthe
621 3757 659 3823 (ιτ
677 3757 790 3823 terrae.)
809 3758 845 3820 R,
871 3758 1014 3815 idolathite
1031 3776 1050 3813 a
1129 3760 1146 3812 4
1164 3765 1328 3814 conscientie

201 3840 238 3893 Ρ
341 3840 357 3891 5
374 3855 532 3908 peeeernrer
549 3842 577 3896 R
679 3842 696 3895 8
713 3843 801 3897 uerba
819 3859 852 3898 ne
869 3844 888 3898 f.
905 3861 939 3899 m.
957 3845 1132 3900 scandalizem
1150 3862 1200 3900 om.
1221 3848 1259 3902 Ρι

199 3939 297 3994 pennen
314 3925 359 3988 M,
385 3923 520 3994 paululum
536 3926 568 3979 ἐκ
585 3942 643 3981 rae.
661 3927 690 3982 P
767 3928 798 3981 11
818 3928 931 3998 thephei
947 3931 974 3986 P
1049 3931 1080 3984 14
1100 3931 1166 3985 eder
1186 3933 1231 3994 Ρ),
1259 3931 1328 3988 eder

200 4010 224 4064 S
323 4010 356 4064 16
372 4009 448 4080 haec]
465 4011 515 4064 hee
534 4013 601 4080 (bie)
621 4013 648 4068 R
752 4015 784 4066 17
808 4021 882 4070 merli
905 4017 943 4070 M
1044 4017 1075 4071 18
1094 4017 1177 4074 bobus
1196 4019 1258 4073 Rae

198 4095 350 4164 heentique
368 4112 394 4160 a,
421 4097 512 4165 ntique
525 4097 609 4153 hece
695 4101 728 4154 19
745 4101 853 4170 seripte]
873 4102 963 4170 ntique
982 4105 1079 4172 scripta
1097 4121 1116 4156 a
1203 4120 1246 4174 qur
1264 4121 1326 4158 nrer

108 4185 114 4194 ‘
199 4197 273 4234 erere
291 4181 383 4236 P‘Sae
479 4183 512 4236 21
532 4185 649 4239 carnalia
664 4186 714 4239 nie
732 4187 788 4241 San
889 4187 924 4240 22
942 4189 1014 4258 eunt]
1034 4191 1100 4244 add.
1120 4207 1197 4259 quere
1216 4191 1259 4246 Re

198 4266 233 4318 24
251 4267 416 4336 euangelium
434 4270 471 4322 Ρ1
559 4269 593 4323 25
612 4271 703 4342 edunt}
723 4273 790 4326 add.
811 4275 838 4327 et
855 4291 890 4328 av
976 4273 1010 4329 26
1029 4279 1065 4346 et]
1084 4279 1177 4333 oens
1260 4275 1326 4332 ordi·
1375 4259 1379 4272 ⁸

198 4353 283 4421 neuit]
302 4355 396 4408 οπως
494 4356 527 4410 27
547 4359 727 4427 euangelias
