3159 4967
401 441 448 495 De
467 440 595 495 diuinis
613 440 790 511 seripturis
809 442 879 494 siue
897 440 1082 511 Speeulrrm.
1242 440 1307 507 683

630 732 850 818 ΟΧΧΧΙΠΙ.

381 930 465 983 Qvon
487 930 629 973 nomiovs
651 932 731 973 DEVS
753 931 816 973 HOC
837 931 948 973 Nom
969 931 1105 974 mur.

220 1061 263 1125 In
294 1058 431 1125 arorlo:
465 1060 533 1145 Ego
564 1080 633 1127 sum
660 1063 714 1146 qui
737 1080 817 1131 eum.
862 1063 962 1128 Item
992 1060 1097 1127 illie:
1131 1061 1183 1129 Sio
1219 1061 1308 1129 dieas

176 1162 253 1229 iiliis
280 1162 414 1230 israhel:
449 1166 503 1247 qui
533 1166 591 1245 esi,
625 1166 712 1233 misit
739 1186 792 1232 me
815 1166 857 1232 ad
879 1184 947 1233 uos.
991 1166 1091 1231 Item
1123 1164 1231 1229 illie:
1263 1165 1306 1230 lli

152 1265 257 1331 elisii
290 1266 434 1334 dominus
464 1268 505 1333 ari
534 1287 680 1355 moysen:
715 1270 760 1336 sle
783 1269 872 1336 dices
893 1269 968 1334 filiis
992 1269 1126 1335 israhel:
1161 1268 1307 1335 dominus

177 1368 257 1435 (leus
279 1370 404 1453 patrum
426 1373 614 1451 uestrorum,
638 1371 716 1438 deus
739 1373 890 1438 ahraham
913 1372 946 1437 et
962 1370 1040 1438 deus
1061 1372 1149 1438 isaeo
1173 1371 1205 1436 el
1227 1368 1306 1437 (laus

176 1472 279 1551 iacob,
301 1472 390 1539 mIsii
409 1491 462 1539 ma
485 1473 527 1539 ad
547 1494 620 1541 uos:
643 1476 702 1541 hoo
724 1475 804 1541 mihi
825 1494 939 1542 nomer
960 1476 1011 1541 esi
1023 1476 1250 1559 sempiternum
1271 1475 1306 1540 ei

177 1577 382 1643 memorabile
402 1578 435 1643 in
458 1579 587 1644 saeoula
605 1580 813 1645 saeculorum.
851 1580 951 1646 Item
971 1580 1009 1645 in
1033 1579 1171 1645 exodo:
1191 1577 1304 1644 Domi-

178 1698 236 1743 nus
259 1679 424 1746 conterens
438 1682 533 1761 hello,
558 1680 703 1748 (lominus
725 1702 838 1748 nomen
862 1684 911 1749 esi
933 1683 971 1749 ei.
1017 1684 1116 1749 Item
1137 1684 1177 1747 ia
1199 1700 1306 1747 amos

137 1784 385 1866 ropropheta:
420 1784 482 1866 Qui
506 1787 618 1851 euooat
642 1805 756 1869 aquam
777 1786 875 1853 maris
904 1788 938 1853 ei
966 1786 1098 1853 affundit
1118 1804 1190 1853 eam
1211 1804 1305 1868 super

177 1884 290 1951 faeiem
311 1888 425 1967 terrae,
449 1888 594 1955 dominus
617 1889 695 1955 deus
718 1891 914 1973 omnipotens
936 1909 1049 1956 nomen
1073 1892 1123 1957 esi
1143 1890 1201 1955 illi.

219 2147 382 2211 cxxvfln.
416 2170 501 2223 osor>
533 2170 677 2213 oommvs
710 2172 771 2214 rroo
805 2172 915 2215 somaro
948 2174 1085 2217 mser.
1118 2155 1159 2213 In
1191 2153 1304 2213 exodo
1335 2162 1359 2203 α

177 2250 250 2309 oap.
273 2236 315 2295 V:
348 2234 411 2309 Ego
444 2253 508 2297 sum
540 2236 588 2311 qui
611 2254 683 2309 eum,
707 2239 749 2297 sio
771 2237 867 2299 dicitis
896 2238 949 2299 filii
973 2240 1088 2301 israhel
1132 2238 1221 2299 Item
1253 2240 1305 2299 ihi

177 2335 252 2393 oap.
342 2340 349 2378 :
382 2320 421 2379 Et
455 2320 526 2380 dixit
555 2321 684 2383 dominus
713 2323 749 2382 ad
777 2340 908 2399 moysen:
942 2324 986 2384 sle
1014 2325 1085 2385 diois
1110 2325 1164 2383 filii
1185 2324 1305 2385 israhel:

138 2418 163 2455 1⁵
177 2404 306 2465 dominus
340 2407 408 2466 deus
442 2410 554 2484 patrum
587 2410 752 2469 uestrorum.
796 2411 884 2469 Item
917 2426 995 2486 oap.
1029 2410 1134 2471 xm:
1167 2410 1306 2471 Dominus

177 2495 323 2551 conterens
345 2492 429 2563 bella,
464 2492 593 2553 dominus
625 2510 726 2553 nomen
758 2494 810 2554 illi.
854 2496 893 2555 In
922 2512 1016 2555 amos
1040 2513 1114 2571 oap.
1203 2515 1210 2553 :
1245 2496 1307 2567 Quo

176 2580 261 2637 uocat
293 2579 502 2723 mfflmms
525 2581 553 2638 ei
575 2578 693 2640 emedio
726 2598 787 2639 eam
816 2598 901 2666 super
923 2581 1024 2640 faelem
1053 2584 1153 2653 terrae,
1177 2580 1306 2642 dominas

177 2678 277 2722 nomen
299 2680 330 2723 ea
397 2682 416 2724 1.

220 2918 369 2979 cxxvm.
393 2937 477 2991 Qvon
499 2938 641 2982 somnove
663 2940 725 2982 soc
747 2941 857 2983 sommr
878 2942 1015 2983 asamar.
1037 2924 1077 2982 In
1099 2924 1208 2983 exodo
1231 2940 1304 2997 oap.
1333 2933 1358 2993 μ

136 3004 219 3063 roII:
249 3004 312 3079 ligo
335 3022 397 3064 sam
420 3006 469 3080 qui
492 3022 563 3065 sum.
595 3006 651 3065 alt:
677 3008 719 3066 sio
741 3006 819 3067 dieas
840 3008 908 3067 iiliis
930 3008 1053 3068 israhel:
1090 3010 1206 3084 quiesi
1226 3009 1306 3068 misit

175 3107 220 3148 me
243 3090 279 3149 ad
308 3106 360 3150 uos
389 3108 505 3165 usque
534 3093 563 3150 et
591 3093 644 3151 hoe
672 3094 833 3152 memoriale
854 3123 887 3155 a
908 3110 1000 3154 meum
1022 3096 1052 3154 in
1074 3095 1306 3169 generationem

177 3177 393 3248 generationem.
437 3178 525 3236 Item
558 3194 630 3253 cap.
665 3178 749 3239 VIII:
786 3179 925 3239 Dominus
959 3182 1042 3254 quasi
1074 3181 1120 3239 alr
1151 3183 1303 3257 pugnator,

178 3262 353 3336 omnipotens
382 3263 583 3323 nomenoius.
627 3264 667 3323 In
697 3282 791 3324 amos
821 3282 895 3341 sap.
984 3285 991 3323 :
1025 3268 1081 3339 Qui
1109 3270 1193 3326 uooai
1215 3283 1304 3341 aquas

178 3347 264 3405 maris
286 3349 315 3406 el
336 3347 456 3407 effundit
479 3366 527 3407 eas
551 3366 635 3425 super
656 3348 758 3409 faeiem
779 3354 880 3421 lerrse,
904 3350 1033 3412 dominus
1056 3368 1157 3412 nomen
1179 3352 1250 3413 eius.

176 3681 237 3736 58
279 3598 399 3655 thod.
421 3598 446 3665 e,
466 3599 499 3653 14
601 3600 677 3654 rib.
703 3600 736 3655 15
839 3600 960 3659 shxoh
979 3600 1055 3670 15‚8
1158 3602 1191 3657 10
1214 3603 1303 3658 Amos.

229 3920 439 3981 romnis
537 3925 554 3978 2
573 3925 637 3981 deus
655 3944 705 3983 om.
724 3927 842 3984 ΜΗΘ
941 3928 1041 3983 haheat
1058 3928 1156 3987 MVG:
1183 3927 1309 3984 habers

177 4006 204 4062 L
224 4008 270 4077 (cf.
290 4012 353 4078 295,
371 4013 420 4079 20)
520 4010 623 4067 hilam
639 4012 695 4067 illio
714 4030 764 4069 om.
784 4014 899 4071 amo
991 4014 1056 4069 (liois
1075 4016 1149 4072 ΜΨ
1242 4016 1305 4070 lin

176 4092 258 4148 exodo
285 4094 322 4148 Μ
325 4096 398 4151 VLO
500 4094 516 4150 8
542 4098 722 4154 memoriabile
747 4098 810 4156 MC
910 4101 927 4155 9
952 4100 977 4155 ei
1001 4100 1034 4157 S:
1062 4102 1103 4157 illi
1125 4101 1239 4159 Mne

175 4178 224 4317 (11(ιίι
233 4182 327 4319 eLuooat
350 4180 383 4237 S:
414 4180 526 4237 aduocat
545 4183 669 4248 ΜΗΘ,
699 4187 777 4239 uocat
795 4203 811 4239 o
828 4183 855 4256 (ὁ
872 4188 1120 4259 mmmmm)
1223 4187 1306 4243 oilhn-
