<?xml version="1.0" encoding="UTF-8"?>
<!DOCTYPE html PUBLIC "-//W3C//DTD XHTML 1.0 Transitional//EN"
    "http://www.w3.org/TR/xhtml1/DTD/xhtml1-transitional.dtd">
<html xmlns="http://www.w3.org/1999/xhtml" xml:lang="en" lang="en">
 <head>
  <title>
</title>
<meta http-equiv="Content-Type" content="text/html;charset=utf-8" />
  <meta name='ocr-system' content='tesseract 3.04.00' />
  <meta name='ocr-capabilities' content='ocr_page ocr_carea ocr_par ocr_line ocrx_word'/>
</head>
<body>
  <div class='ocr_page' id='page_1' title='image "./corpusscriptoru19wissgoog_0533.png"; bbox 0 0 3159 4967; ppageno 0'>
   <div class='ocr_carea' id='block_1_1' title="bbox 362 419 1322 492">
    <p class='ocr_par' dir='ltr' id='par_1_1' title="bbox 362 419 1322 492">
     <span class='ocr_line' id='line_1_1' title="bbox 362 419 1322 492; baseline 0.016 -22"><span class='ocrx_word' id='word_1_1' title='bbox 362 463 365 467; x_wconf 91' lang='lat'><em>.</em></span> <span class='ocrx_word' id='word_1_2' title='bbox 413 419 460 474; x_wconf 89' lang='lat' dir='ltr'><strong>De</strong></span> <span class='ocrx_word' id='word_1_3' title='bbox 477 419 606 475; x_wconf 89' lang='lat' dir='ltr'><strong>diuinis</strong></span> <span class='ocrx_word' id='word_1_4' title='bbox 623 422 803 490; x_wconf 83' lang='lat' dir='ltr'><strong>scripturis</strong></span> <span class='ocrx_word' id='word_1_5' title='bbox 821 423 894 477; x_wconf 90' lang='lat' dir='ltr'><strong>sine</strong></span> <span class='ocrx_word' id='word_1_6' title='bbox 912 423 1095 492; x_wconf 83' lang='lat' dir='ltr'><strong>Speculum.</strong></span> <span class='ocrx_word' id='word_1_7' title='bbox 1257 425 1322 492; x_wconf 76' lang='grc'><strong>473</strong></span> 
     </span>
    </p>
   </div>
   <div class='ocr_carea' id='block_1_2' title="bbox 156 607 1324 2135">
    <p class='ocr_par' dir='ltr' id='par_1_2' title="bbox 156 607 1324 2135">
     <span class='ocr_line' id='line_1_2' title="bbox 189 607 1321 695; baseline 0.002 -21"><span class='ocrx_word' id='word_1_8' title='bbox 189 609 245 674; x_wconf 85' lang='lat' dir='ltr'><strong>tur</strong></span> <span class='ocrx_word' id='word_1_9' title='bbox 265 607 333 674; x_wconf 83' lang='lat' dir='ltr'><strong>tibi.</strong></span> <span class='ocrx_word' id='word_1_10' title='bbox 377 609 475 673; x_wconf 93' lang='lat' dir='ltr'><strong>Item</strong></span> <span class='ocrx_word' id='word_1_11' title='bbox 496 609 600 674; x_wconf 89' lang='lat' dir='ltr'><strong>illic:</strong></span> <span class='ocrx_word' id='word_1_12' title='bbox 623 610 693 687; x_wconf 78' lang='lat' dir='ltr'><strong>Ilili,</strong></span> <span class='ocrx_word' id='word_1_13' title='bbox 715 609 748 675; x_wconf 92' lang='lat' dir='ltr'><strong>in</strong></span> <span class='ocrx_word' id='word_1_14' title='bbox 771 610 839 676; x_wconf 83' lang='lat' dir='ltr'><strong>uita</strong></span> <span class='ocrx_word' id='word_1_15' title='bbox 859 611 915 676; x_wconf 89' lang='lat' dir='ltr'><strong>tua</strong></span> <span class='ocrx_word' id='word_1_16' title='bbox 929 611 1050 695; x_wconf 85' lang='lat' dir='ltr'><strong>tempta</strong></span> <span class='ocrx_word' id='word_1_17' title='bbox 1067 612 1203 679; x_wconf 89' lang='lat' dir='ltr'><strong>animam</strong></span> <span class='ocrx_word' id='word_1_18' title='bbox 1216 614 1321 680; x_wconf 78' lang='lat' dir='ltr'><strong>tuanm</strong></span> 
     </span>
     <span class='ocr_line' id='line_1_3' title="bbox 193 711 1322 796; baseline 0.004 -18"><span class='ocrx_word' id='word_1_19' title='bbox 193 714 227 778; x_wconf 90' lang='lat' dir='ltr'><strong>at</strong></span> <span class='ocrx_word' id='word_1_20' title='bbox 255 712 283 777; x_wconf 85' lang='lat' dir='ltr'><strong>si</strong></span> <span class='ocrx_word' id='word_1_21' title='bbox 310 711 406 777; x_wconf 85' lang='lat' dir='ltr'><strong>fuerit</strong></span> <span class='ocrx_word' id='word_1_22' title='bbox 434 729 546 795; x_wconf 85' lang='lat' dir='ltr'><strong>nequa,</strong></span> <span class='ocrx_word' id='word_1_23' title='bbox 577 730 638 778; x_wconf 95' lang='lat' dir='ltr'><strong>non</strong></span> <span class='ocrx_word' id='word_1_24' title='bbox 669 712 784 779; x_wconf 87' lang='lat' dir='ltr'><strong>desei</strong></span> <span class='ocrx_word' id='word_1_25' title='bbox 813 713 1013 796; x_wconf 87' lang='lat' dir='ltr'><strong>potestatem.</strong></span> <span class='ocrx_word' id='word_1_26' title='bbox 1048 735 1108 781; x_wconf 94' lang='lat' dir='ltr'><strong>non</strong></span> <span class='ocrx_word' id='word_1_27' title='bbox 1132 717 1214 782; x_wconf 90' lang='lat' dir='ltr'><strong>enim</strong></span> <span class='ocrx_word' id='word_1_28' title='bbox 1238 717 1322 782; x_wconf 89' lang='lat' dir='ltr'><strong>omni</strong></span> 
     </span>
     <span class='ocr_line' id='line_1_4' title="bbox 193 815 1322 902; baseline 0.004 -23"><span class='ocrx_word' id='word_1_29' title='bbox 193 815 318 880; x_wconf 90' lang='lat' dir='ltr'><strong>animae</strong></span> <span class='ocrx_word' id='word_1_30' title='bbox 340 833 431 880; x_wconf 93' lang='lat' dir='ltr'><strong>omne</strong></span> <span class='ocrx_word' id='word_1_31' title='bbox 445 832 546 898; x_wconf 83' lang='lat' dir='ltr'><strong>genus</strong></span> <span class='ocrx_word' id='word_1_32' title='bbox 560 815 676 899; x_wconf 83' lang='lat' dir='ltr'><strong>placet.</strong></span> <span class='ocrx_word' id='word_1_33' title='bbox 714 815 813 882; x_wconf 90' lang='lat' dir='ltr'><strong>Item</strong></span> <span class='ocrx_word' id='word_1_34' title='bbox 835 816 941 881; x_wconf 90' lang='lat' dir='ltr'><strong>illic:</strong></span> <span class='ocrx_word' id='word_1_35' title='bbox 966 816 1171 898; x_wconf 77' lang='lat' dir='ltr'>Adulescens,</span> <span class='ocrx_word' id='word_1_36' title='bbox 1191 819 1322 902; x_wconf 88' lang='lat' dir='ltr'><strong>loquere</strong></span> 
     </span>
     <span class='ocr_line' id='line_1_5' title="bbox 190 917 1320 1005; baseline 0.006 -24"><span class='ocrx_word' id='word_1_37' title='bbox 190 917 224 982; x_wconf 91' lang='lat' dir='ltr'><strong>in</strong></span> <span class='ocrx_word' id='word_1_38' title='bbox 245 918 303 982; x_wconf 88' lang='lat' dir='ltr'><strong>tua</strong></span> <span class='ocrx_word' id='word_1_39' title='bbox 324 935 422 983; x_wconf 89' lang='lat' dir='ltr'><strong>cansa</strong></span> <span class='ocrx_word' id='word_1_40' title='bbox 442 919 496 984; x_wconf 85' lang='lat' dir='ltr'><strong>uir</strong></span> <span class='ocrx_word' id='word_1_41' title='bbox 517 919 738 1003; x_wconf 85' lang='lat' dir='ltr'><strong>interrogatus.</strong></span> <span class='ocrx_word' id='word_1_42' title='bbox 773 919 890 985; x_wconf 88' lang='lat' dir='ltr'><strong>habeat</strong></span> <span class='ocrx_word' id='word_1_43' title='bbox 913 921 1008 1003; x_wconf 89' lang='lat' dir='ltr'><strong>caput</strong></span> <span class='ocrx_word' id='word_1_44' title='bbox 1022 939 1206 1005; x_wconf 87' lang='lat' dir='ltr'><strong>responsum</strong></span> <span class='ocrx_word' id='word_1_45' title='bbox 1219 924 1320 988; x_wconf 79' lang='lat' dir='ltr'><strong>trum.</strong></span> 
     </span>
     <span class='ocr_line' id='line_1_6' title="bbox 164 1021 1322 1106; baseline 0.004 -21"><span class='ocrx_word' id='word_1_46' title='bbox 164 1021 225 1096; x_wconf 51' lang='lat' dir='ltr'><strong>cin</strong></span> <span class='ocrx_word' id='word_1_47' title='bbox 257 1021 366 1086; x_wconf 89' lang='lat' dir='ltr'><strong>multis</strong></span> <span class='ocrx_word' id='word_1_48' title='bbox 399 1023 467 1088; x_wconf 87' lang='lat' dir='ltr'><strong>esto</strong></span> <span class='ocrx_word' id='word_1_49' title='bbox 501 1023 591 1106; x_wconf 87' lang='lat' dir='ltr'><strong>quasi</strong></span> <span class='ocrx_word' id='word_1_50' title='bbox 624 1023 743 1089; x_wconf 90' lang='lat' dir='ltr'><strong>inscius</strong></span> <span class='ocrx_word' id='word_1_51' title='bbox 772 1022 867 1088; x_wconf 88' lang='lat' dir='ltr'><strong>simul</strong></span> <span class='ocrx_word' id='word_1_52' title='bbox 897 1023 929 1088; x_wconf 92' lang='lat' dir='ltr'><strong>et</strong></span> <span class='ocrx_word' id='word_1_53' title='bbox 960 1041 1122 1106; x_wconf 87' lang='lat' dir='ltr'><strong>quaerens.</strong></span> <span class='ocrx_word' id='word_1_54' title='bbox 1155 1025 1188 1089; x_wconf 91' lang='lat' dir='ltr'><strong>iu</strong></span> <span class='ocrx_word' id='word_1_55' title='bbox 1216 1025 1322 1091; x_wconf 93' lang='lat' dir='ltr'><strong>medio</strong></span> 
     </span>
     <span class='ocr_line' id='line_1_7' title="bbox 192 1117 1321 1208; baseline 0.004 -19"><span class='ocrx_word' id='word_1_56' title='bbox 192 1125 413 1207; x_wconf 71' lang='lat' dir='ltr'><strong>magnatorum</strong></span> <span class='ocrx_word' id='word_1_57' title='bbox 436 1143 475 1190; x_wconf 92' lang='lat' dir='ltr'><strong>ne</strong></span> <span class='ocrx_word' id='word_1_58' title='bbox 504 1144 698 1208; x_wconf 75' lang='lat' dir='ltr'>praesumas,</span> <span class='ocrx_word' id='word_1_59' title='bbox 729 1127 763 1192; x_wconf 87' lang='lat' dir='ltr'><strong>et</strong></span> <span class='ocrx_word' id='word_1_60' title='bbox 790 1128 845 1193; x_wconf 92' lang='lat' dir='ltr'><strong>ubi</strong></span> <span class='ocrx_word' id='word_1_61' title='bbox 875 1127 948 1192; x_wconf 92' lang='lat' dir='ltr'><strong>sunt</strong></span> <span class='ocrx_word' id='word_1_62' title='bbox 977 1145 1067 1191; x_wconf 88' lang='lat' dir='ltr'><strong>senes</strong></span> <span class='ocrx_word' id='word_1_63' title='bbox 1096 1145 1158 1192; x_wconf 93' lang='lat' dir='ltr'><strong>non</strong></span> <span class='ocrx_word' id='word_1_64' title='bbox 1185 1117 1321 1193; x_wconf 88' lang='lat' dir='ltr'><strong>multum</strong></span> 
     </span>
     <span class='ocr_line' id='line_1_8' title="bbox 191 1227 1322 1312; baseline 0.004 -21"><span class='ocrx_word' id='word_1_65' title='bbox 191 1227 341 1311; x_wconf 85' lang='lat' dir='ltr'><strong>loquaris.</strong></span> <span class='ocrx_word' id='word_1_66' title='bbox 376 1229 448 1294; x_wconf 85' lang='lat' dir='ltr'><strong>ante</strong></span> <span class='ocrx_word' id='word_1_67' title='bbox 470 1229 655 1312; x_wconf 78' lang='lat' dir='ltr'><strong>grandinem</strong></span> <span class='ocrx_word' id='word_1_68' title='bbox 677 1230 842 1312; x_wconf 87' lang='lat' dir='ltr'><strong>praecedit</strong></span> <span class='ocrx_word' id='word_1_69' title='bbox 863 1229 1049 1306; x_wconf 76' lang='lat' dir='ltr'>coruscatio,</span> <span class='ocrx_word' id='word_1_70' title='bbox 1074 1229 1107 1294; x_wconf 95' lang='lat' dir='ltr'><strong>et</strong></span> <span class='ocrx_word' id='word_1_71' title='bbox 1122 1231 1195 1294; x_wconf 90' lang='lat' dir='ltr'><strong>ante</strong></span> <span class='ocrx_word' id='word_1_72' title='bbox 1218 1231 1322 1296; x_wconf 92' lang='lat' dir='ltr'><strong>homi·</strong></span> 
     </span>
     <span class='ocr_line' id='line_1_9' title="bbox 192 1333 1320 1418; baseline 0.004 -24"><span class='ocrx_word' id='word_1_73' title='bbox 192 1347 266 1395; x_wconf 92' lang='lat' dir='ltr'><strong>nem</strong></span> <span class='ocrx_word' id='word_1_74' title='bbox 294 1333 509 1399; x_wconf 88' lang='lat' dir='ltr'><strong>uerecundum</strong></span> <span class='ocrx_word' id='word_1_75' title='bbox 536 1334 701 1416; x_wconf 87' lang='lat' dir='ltr'><strong>praecedit</strong></span> <span class='ocrx_word' id='word_1_76' title='bbox 728 1334 840 1418; x_wconf 81' lang='lat' dir='ltr'><strong>gratia</strong></span> <span class='ocrx_word' id='word_1_77' title='bbox 876 1334 908 1398; x_wconf 87' lang='lat' dir='ltr'><strong>et</strong></span> <span class='ocrx_word' id='word_1_78' title='bbox 937 1333 965 1398; x_wconf 91' lang='lat' dir='ltr'><strong>si</strong></span> <span class='ocrx_word' id='word_1_79' title='bbox 990 1334 1067 1398; x_wconf 88' lang='lat' dir='ltr'><strong>hora</strong></span> <span class='ocrx_word' id='word_1_80' title='bbox 1090 1333 1139 1399; x_wconf 85' lang='lat' dir='ltr'><strong>est</strong></span> <span class='ocrx_word' id='word_1_81' title='bbox 1161 1334 1320 1416; x_wconf 86' lang='lat' dir='ltr'><strong>surgendi,</strong></span> 
     </span>
     <span class='ocr_line' id='line_1_10' title="bbox 193 1435 1322 1520; baseline 0.003 -22"><span class='ocrx_word' id='word_1_82' title='bbox 193 1452 255 1499; x_wconf 92' lang='lat' dir='ltr'><strong>non</strong></span> <span class='ocrx_word' id='word_1_83' title='bbox 276 1435 381 1501; x_wconf 83' lang='lat' dir='ltr'><strong>trices.</strong></span> <span class='ocrx_word' id='word_1_84' title='bbox 415 1455 582 1520; x_wconf 85' lang='lat' dir='ltr'><strong>praecurre</strong></span> <span class='ocrx_word' id='word_1_85' title='bbox 606 1438 711 1502; x_wconf 90' lang='lat' dir='ltr'><strong>autem</strong></span> <span class='ocrx_word' id='word_1_86' title='bbox 733 1438 817 1520; x_wconf 76' lang='lat' dir='ltr'><strong>peior</strong></span> <span class='ocrx_word' id='word_1_87' title='bbox 835 1438 869 1502; x_wconf 94' lang='lat' dir='ltr'><strong>in</strong></span> <span class='ocrx_word' id='word_1_88' title='bbox 885 1436 1011 1502; x_wconf 92' lang='lat' dir='ltr'><strong>domum</strong></span> <span class='ocrx_word' id='word_1_89' title='bbox 1032 1436 1138 1501; x_wconf 87' lang='lat' dir='ltr'><strong>tuam:</strong></span> <span class='ocrx_word' id='word_1_90' title='bbox 1160 1435 1226 1501; x_wconf 90' lang='lat' dir='ltr'><strong>illic</strong></span> <span class='ocrx_word' id='word_1_91' title='bbox 1243 1453 1322 1501; x_wconf 86' lang='lat' dir='ltr'><strong>ano·</strong></span> 
     </span>
     <span class='ocr_line' id='line_1_11' title="bbox 156 1538 1322 1625; baseline 0.002 -23"><span class='ocrx_word' id='word_1_92' title='bbox 156 1555 279 1618; x_wconf 62' lang='lat' dir='ltr'><strong>moure,</strong></span> <span class='ocrx_word' id='word_1_93' title='bbox 309 1538 375 1604; x_wconf 92' lang='lat' dir='ltr'><strong>illic</strong></span> <span class='ocrx_word' id='word_1_94' title='bbox 403 1540 480 1605; x_wconf 92' lang='lat' dir='ltr'><strong>lude</strong></span> <span class='ocrx_word' id='word_1_95' title='bbox 502 1541 536 1606; x_wconf 92' lang='lat' dir='ltr'><strong>et</strong></span> <span class='ocrx_word' id='word_1_96' title='bbox 557 1557 617 1624; x_wconf 85' lang='lat' dir='ltr'><strong>age</strong></span> <span class='ocrx_word' id='word_1_97' title='bbox 639 1541 859 1624; x_wconf 77' lang='lat' dir='ltr'><strong>conceptiones</strong></span> <span class='ocrx_word' id='word_1_98' title='bbox 888 1541 970 1625; x_wconf 86' lang='lat' dir='ltr'><strong>tuas,</strong></span> <span class='ocrx_word' id='word_1_99' title='bbox 1003 1539 1035 1604; x_wconf 90' lang='lat' dir='ltr'><strong>et</strong></span> <span class='ocrx_word' id='word_1_100' title='bbox 1060 1557 1120 1604; x_wconf 94' lang='lat' dir='ltr'><strong>non</strong></span> <span class='ocrx_word' id='word_1_101' title='bbox 1141 1540 1174 1605; x_wconf 91' lang='lat' dir='ltr'><strong>in</strong></span> <span class='ocrx_word' id='word_1_102' title='bbox 1198 1538 1322 1604; x_wconf 88' lang='lat' dir='ltr'><strong>delictis</strong></span> 
     </span>
     <span class='ocr_line' id='line_1_12' title="bbox 195 1641 1321 1726; baseline 0.002 -22"><span class='ocrx_word' id='word_1_103' title='bbox 195 1642 252 1705; x_wconf 90' lang='lat' dir='ltr'><strong>ant</strong></span> <span class='ocrx_word' id='word_1_104' title='bbox 273 1643 369 1707; x_wconf 86' lang='lat' dir='ltr'><strong>uerbo</strong></span> <span class='ocrx_word' id='word_1_105' title='bbox 392 1645 537 1726; x_wconf 85' lang='lat' dir='ltr'><strong>superbo,</strong></span> <span class='ocrx_word' id='word_1_106' title='bbox 561 1643 618 1709; x_wconf 91' lang='lat' dir='ltr'><strong>sed</strong></span> <span class='ocrx_word' id='word_1_107' title='bbox 640 1645 672 1707; x_wconf 93' lang='lat' dir='ltr'><strong>in</strong></span> <span class='ocrx_word' id='word_1_108' title='bbox 694 1643 910 1709; x_wconf 86' lang='lat' dir='ltr'><strong>benedicendo</strong></span> <span class='ocrx_word' id='word_1_109' title='bbox 934 1661 1006 1708; x_wconf 90' lang='lat' dir='ltr'><strong>enm</strong></span> <span class='ocrx_word' id='word_1_110' title='bbox 1022 1643 1075 1726; x_wconf 88' lang='lat' dir='ltr'><strong>qni</strong></span> <span class='ocrx_word' id='word_1_111' title='bbox 1096 1643 1130 1706; x_wconf 91' lang='lat' dir='ltr'><strong>te</strong></span> <span class='ocrx_word' id='word_1_112' title='bbox 1151 1641 1321 1720; x_wconf 83' lang='lat' dir='ltr'><strong>benedixit,</strong></span> 
     </span>
     <span class='ocr_line' id='line_1_13' title="bbox 195 1744 1322 1829; baseline 0 -21"><span class='ocrx_word' id='word_1_113' title='bbox 195 1745 249 1826; x_wconf 83' lang='lat' dir='ltr'><strong>qui</strong></span> <span class='ocrx_word' id='word_1_114' title='bbox 270 1744 303 1809; x_wconf 92' lang='lat' dir='ltr'><strong>te</strong></span> <span class='ocrx_word' id='word_1_115' title='bbox 324 1745 460 1829; x_wconf 83' lang='lat' dir='ltr'><strong>repleuit</strong></span> <span class='ocrx_word' id='word_1_116' title='bbox 487 1745 578 1812; x_wconf 88' lang='lat' dir='ltr'><strong>bonis</strong></span> <span class='ocrx_word' id='word_1_117' title='bbox 608 1745 673 1811; x_wconf 92' lang='lat' dir='ltr'><strong>suis</strong></span> <span class='ocrx_word' id='word_1_118' title='bbox 696 1747 729 1810; x_wconf 90' lang='lat' dir='ltr'><strong>et</strong></span> <span class='ocrx_word' id='word_1_119' title='bbox 749 1746 847 1811; x_wconf 91' lang='lat' dir='ltr'><strong>satiat</strong></span> <span class='ocrx_word' id='word_1_120' title='bbox 874 1747 907 1810; x_wconf 90' lang='lat' dir='ltr'><strong>te</strong></span> <span class='ocrx_word' id='word_1_121' title='bbox 928 1745 1019 1811; x_wconf 92' lang='lat' dir='ltr'><strong>bonis</strong></span> <span class='ocrx_word' id='word_1_122' title='bbox 1041 1745 1116 1810; x_wconf 91' lang='lat' dir='ltr'><strong>suis.</strong></span> <span class='ocrx_word' id='word_1_123' title='bbox 1161 1745 1261 1809; x_wconf 88' lang='lat' dir='ltr'><strong>Item</strong></span> <span class='ocrx_word' id='word_1_124' title='bbox 1282 1744 1322 1808; x_wconf 94' lang='lat' dir='ltr'><strong>in</strong></span> 
     </span>
     <span class='ocr_line' id='line_1_14' title="bbox 195 1846 1324 1928; baseline 0.001 -18"><span class='ocrx_word' id='word_1_125' title='bbox 195 1846 458 1913; x_wconf 87' lang='lat' dir='ltr'><strong>ecclesiaste:</strong></span> <span class='ocrx_word' id='word_1_126' title='bbox 480 1847 625 1928; x_wconf 86' lang='lat' dir='ltr'><strong>Laetare,</strong></span> <span class='ocrx_word' id='word_1_127' title='bbox 649 1849 845 1926; x_wconf 86' lang='lat' dir='ltr'><strong>adulescens,</strong></span> <span class='ocrx_word' id='word_1_128' title='bbox 868 1847 900 1912; x_wconf 93' lang='lat' dir='ltr'><strong>in</strong></span> <span class='ocrx_word' id='word_1_129' title='bbox 921 1847 1086 1913; x_wconf 89' lang='lat' dir='ltr'><strong>iuuentute</strong></span> <span class='ocrx_word' id='word_1_130' title='bbox 1105 1849 1173 1926; x_wconf 85' lang='lat' dir='ltr'><strong>tua,</strong></span> <span class='ocrx_word' id='word_1_131' title='bbox 1198 1847 1324 1912; x_wconf 85' lang='lat' dir='ltr'><strong>etbene</strong></span> 
     </span>
     <span class='ocr_line' id='line_1_15' title="bbox 195 1949 1324 2032; baseline -0.001 -18"><span class='ocrx_word' id='word_1_132' title='bbox 195 1949 343 2032; x_wconf 67' lang='lat' dir='ltr'><strong>diepam</strong></span> <span class='ocrx_word' id='word_1_133' title='bbox 371 1969 424 2017; x_wconf 89' lang='lat' dir='ltr'><strong>cor</strong></span> <span class='ocrx_word' id='word_1_134' title='bbox 452 1953 544 2017; x_wconf 89' lang='lat' dir='ltr'><strong>tunm</strong></span> <span class='ocrx_word' id='word_1_135' title='bbox 571 1953 604 2017; x_wconf 96' lang='lat' dir='ltr'><strong>in</strong></span> <span class='ocrx_word' id='word_1_136' title='bbox 633 1952 746 2017; x_wconf 79' lang='lat' dir='ltr'><strong>dielnm</strong></span> <span class='ocrx_word' id='word_1_137' title='bbox 768 1950 1004 2017; x_wconf 78' lang='lat' dir='ltr'><strong>adulescentiae</strong></span> <span class='ocrx_word' id='word_1_138' title='bbox 1026 1951 1117 2015; x_wconf 86' lang='lat' dir='ltr'><strong>tuae:</strong></span> <span class='ocrx_word' id='word_1_139' title='bbox 1142 1950 1175 2015; x_wconf 89' lang='lat' dir='ltr'><strong>et</strong></span> <span class='ocrx_word' id='word_1_140' title='bbox 1197 1949 1324 2016; x_wconf 86' lang='lat' dir='ltr'><strong>ambula</strong></span> 
     </span>
     <span class='ocr_line' id='line_1_16' title="bbox 156 2051 1323 2135; baseline 0 -19"><span class='ocrx_word' id='word_1_141' title='bbox 156 2052 227 2130; x_wconf 65' lang='lat' dir='ltr'><strong>„in</strong></span> <span class='ocrx_word' id='word_1_142' title='bbox 256 2051 311 2118; x_wconf 90' lang='lat' dir='ltr'><strong>uia</strong></span> <span class='ocrx_word' id='word_1_143' title='bbox 340 2054 445 2119; x_wconf 87' lang='lat' dir='ltr'><strong>cordis</strong></span> <span class='ocrx_word' id='word_1_144' title='bbox 472 2055 520 2118; x_wconf 86' lang='lat' dir='ltr'><strong>tui</strong></span> <span class='ocrx_word' id='word_1_145' title='bbox 550 2055 617 2119; x_wconf 93' lang='lat' dir='ltr'><strong>sine</strong></span> <span class='ocrx_word' id='word_1_146' title='bbox 639 2054 766 2118; x_wconf 86' lang='lat' dir='ltr'><strong>macula</strong></span> <span class='ocrx_word' id='word_1_147' title='bbox 788 2055 822 2118; x_wconf 92' lang='lat' dir='ltr'><strong>ct</strong></span> <span class='ocrx_word' id='word_1_148' title='bbox 843 2071 904 2118; x_wconf 93' lang='lat' dir='ltr'><strong>non</strong></span> <span class='ocrx_word' id='word_1_149' title='bbox 925 2054 957 2118; x_wconf 92' lang='lat' dir='ltr'><strong>in</strong></span> <span class='ocrx_word' id='word_1_150' title='bbox 981 2051 1117 2118; x_wconf 85' lang='lat' dir='ltr'><strong>audacia</strong></span> <span class='ocrx_word' id='word_1_151' title='bbox 1136 2053 1169 2117; x_wconf 90' lang='lat' dir='ltr'><strong>iu</strong></span> <span class='ocrx_word' id='word_1_152' title='bbox 1193 2053 1323 2135; x_wconf 83' lang='lat' dir='ltr'><strong>aspectu</strong></span> 
     </span>
    </p>
   </div>
   <div class='ocr_carea' id='block_1_3' title="bbox 195 2261 1376 2424">
    <p class='ocr_par' dir='ltr' id='par_1_3' title="bbox 195 2261 1376 2424">
     <span class='ocr_line' id='line_1_17' title="bbox 282 2261 1376 2339; baseline 0 -16"><span class='ocrx_word' id='word_1_153' title='bbox 282 2284 290 2322; x_wconf 90' lang='lat'><strong>:</strong></span> <span class='ocrx_word' id='word_1_154' title='bbox 311 2265 378 2335; x_wconf 84' lang='lat' dir='ltr'><strong>Fili,</strong></span> <span class='ocrx_word' id='word_1_155' title='bbox 400 2264 430 2323; x_wconf 94' lang='lat' dir='ltr'><strong>in</strong></span> <span class='ocrx_word' id='word_1_156' title='bbox 452 2265 513 2323; x_wconf 77' lang='lat' dir='ltr'><strong>nita</strong></span> <span class='ocrx_word' id='word_1_157' title='bbox 533 2266 585 2323; x_wconf 87' lang='lat' dir='ltr'><strong>tna</strong></span> <span class='ocrx_word' id='word_1_158' title='bbox 605 2266 714 2339; x_wconf 62' lang='lat' dir='ltr'><strong>amota</strong></span> <span class='ocrx_word' id='word_1_159' title='bbox 733 2264 829 2322; x_wconf 91' lang='lat' dir='ltr'><strong>anima</strong></span> <span class='ocrx_word' id='word_1_160' title='bbox 850 2265 901 2322; x_wconf 90' lang='lat' dir='ltr'><strong>tna</strong></span> <span class='ocrx_word' id='word_1_161' title='bbox 921 2279 1037 2338; x_wconf 89' lang='lat' dir='ltr'><strong>usque</strong></span> <span class='ocrx_word' id='word_1_162' title='bbox 1059 2262 1107 2336; x_wconf 89' lang='lat' dir='ltr'><strong>qni</strong></span> <span class='ocrx_word' id='word_1_163' title='bbox 1129 2263 1160 2319; x_wconf 87' lang='lat' dir='ltr'><strong>te</strong></span> <span class='ocrx_word' id='word_1_164' title='bbox 1179 2261 1324 2320; x_wconf 78' lang='lat' dir='ltr'><strong>benedixit</strong></span> <span class='ocrx_word' id='word_1_165' title='bbox 1354 2282 1376 2323; x_wconf 85' lang='grc' dir='ltr'><strong><em>α</em></strong></span> 
     </span>
     <span class='ocr_line' id='line_1_18' title="bbox 195 2347 1323 2424; baseline -0.004 -14"><span class='ocrx_word' id='word_1_166' title='bbox 195 2351 280 2410; x_wconf 81' lang='lat' dir='ltr'><strong>touls</strong></span> <span class='ocrx_word' id='word_1_167' title='bbox 294 2351 365 2410; x_wconf 87' lang='lat' dir='ltr'><strong>suis.</strong></span> <span class='ocrx_word' id='word_1_168' title='bbox 400 2350 444 2411; x_wconf 91' lang='lat' dir='ltr'><strong>In</strong></span> <span class='ocrx_word' id='word_1_169' title='bbox 465 2350 716 2410; x_wconf 80' lang='lat' dir='ltr'><strong>ecclesiasten</strong></span> <span class='ocrx_word' id='word_1_170' title='bbox 737 2366 811 2424; x_wconf 83' lang='lat' dir='ltr'><strong>cap.</strong></span> <span class='ocrx_word' id='word_1_171' title='bbox 834 2349 893 2410; x_wconf 89' lang='lat' dir='ltr'><strong>XI:</strong></span> <span class='ocrx_word' id='word_1_172' title='bbox 914 2350 1042 2418; x_wconf 82' lang='lat' dir='ltr'><strong>Laetare,</strong></span> <span class='ocrx_word' id='word_1_173' title='bbox 1058 2347 1180 2418; x_wconf 86' lang='lat' dir='ltr'><strong>iuuenis,</strong></span> <span class='ocrx_word' id='word_1_174' title='bbox 1202 2347 1233 2405; x_wconf 90' lang='lat' dir='ltr'><strong>iu</strong></span> <span class='ocrx_word' id='word_1_175' title='bbox 1254 2347 1323 2406; x_wconf 88' lang='lat' dir='ltr'><strong>adn·</strong></span> 
     </span>
    </p>
   </div>
   <div class='ocr_carea' id='block_1_4' title="bbox 155 2550 1378 2885">
    <p class='ocr_par' dir='ltr' id='par_1_4' title="bbox 196 2550 1378 2632">
     <span class='ocr_line' id='line_1_19' title="bbox 196 2550 1378 2632; baseline -0.005 -19"><span class='ocrx_word' id='word_1_176' title='bbox 196 2553 310 2614; x_wconf 87' lang='lat' dir='ltr'><strong>dabitur</strong></span> <span class='ocrx_word' id='word_1_177' title='bbox 330 2553 394 2613; x_wconf 85' lang='lat' dir='ltr'><strong>tibi.</strong></span> <span class='ocrx_word' id='word_1_178' title='bbox 427 2553 517 2612; x_wconf 87' lang='lat' dir='ltr'><strong>Item</strong></span> <span class='ocrx_word' id='word_1_179' title='bbox 540 2570 612 2628; x_wconf 82' lang='lat' dir='ltr'><strong>cap.</strong></span> <span class='ocrx_word' id='word_1_180' title='bbox 632 2552 750 2611; x_wconf 84' lang='lat' dir='ltr'>XVIII:</span> <span class='ocrx_word' id='word_1_181' title='bbox 773 2551 956 2622; x_wconf 78' lang='lat' dir='ltr'><strong>Adulescens,</strong></span> <span class='ocrx_word' id='word_1_182' title='bbox 979 2550 1092 2625; x_wconf 88' lang='lat' dir='ltr'><strong>loquere</strong></span> <span class='ocrx_word' id='word_1_183' title='bbox 1114 2550 1145 2610; x_wconf 92' lang='lat' dir='ltr'><strong>in</strong></span> <span class='ocrx_word' id='word_1_184' title='bbox 1165 2552 1216 2608; x_wconf 89' lang='lat' dir='ltr'><strong>tua</strong></span> <span class='ocrx_word' id='word_1_185' title='bbox 1239 2565 1326 2608; x_wconf 87' lang='lat' dir='ltr'><strong>eausa</strong></span> <span class='ocrx_word' id='word_1_186' title='bbox 1353 2572 1378 2632; x_wconf 82' lang='grc' dir='ltr'><strong><em>μ</em></strong></span> 
     </span>
    </p>

    <p class='ocr_par' dir='ltr' id='par_1_5' title="bbox 155 2633 1325 2800">
     <span class='ocr_line' id='line_1_20' title="bbox 195 2633 1325 2714; baseline -0.005 -15"><span class='ocrx_word' id='word_1_187' title='bbox 195 2640 245 2699; x_wconf 84' lang='lat' dir='ltr'><strong>nix</strong></span> <span class='ocrx_word' id='word_1_188' title='bbox 274 2657 387 2714; x_wconf 87' lang='lat' dir='ltr'><strong>nsque</strong></span> <span class='ocrx_word' id='word_1_189' title='bbox 417 2641 452 2699; x_wconf 88' lang='lat' dir='ltr'><strong>ab</strong></span> <span class='ocrx_word' id='word_1_190' title='bbox 483 2639 612 2698; x_wconf 89' lang='lat' dir='ltr'><strong>omnibns</strong></span> <span class='ocrx_word' id='word_1_191' title='bbox 643 2637 724 2697; x_wconf 92' lang='lat' dir='ltr'><strong>bonis</strong></span> <span class='ocrx_word' id='word_1_192' title='bbox 755 2637 826 2697; x_wconf 88' lang='lat' dir='ltr'><strong>suis.</strong></span> <span class='ocrx_word' id='word_1_193' title='bbox 869 2637 957 2698; x_wconf 89' lang='lat' dir='ltr'><strong>Item</strong></span> <span class='ocrx_word' id='word_1_194' title='bbox 987 2653 1058 2712; x_wconf 83' lang='lat' dir='ltr'><strong>cap.</strong></span> <span class='ocrx_word' id='word_1_195' title='bbox 1082 2633 1164 2694; x_wconf 86' lang='lat' dir='ltr'>XXI:</span> <span class='ocrx_word' id='word_1_196' title='bbox 1198 2633 1263 2706; x_wconf 86' lang='lat' dir='ltr'><strong>Fili,</strong></span> <span class='ocrx_word' id='word_1_197' title='bbox 1294 2635 1325 2693; x_wconf 90' lang='lat' dir='ltr'><strong>in</strong></span> 
     </span>
     <span class='ocr_line' id='line_1_21' title="bbox 155 2720 1324 2800; baseline -0.005 -17"><span class='ocrx_word' id='word_1_198' title='bbox 155 2759 183 2800; x_wconf 63' lang='grc' dir='ltr'><strong>,ο</strong></span> <span class='ocrx_word' id='word_1_199' title='bbox 196 2726 259 2784; x_wconf 87' lang='lat' dir='ltr'><strong>uita</strong></span> <span class='ocrx_word' id='word_1_200' title='bbox 278 2728 329 2786; x_wconf 88' lang='lat' dir='ltr'><strong>tna</strong></span> <span class='ocrx_word' id='word_1_201' title='bbox 350 2727 457 2800; x_wconf 64' lang='lat' dir='ltr'><strong>amota</strong></span> <span class='ocrx_word' id='word_1_202' title='bbox 479 2725 601 2784; x_wconf 88' lang='lat' dir='ltr'><strong>animam</strong></span> <span class='ocrx_word' id='word_1_203' title='bbox 622 2726 699 2784; x_wconf 87' lang='lat' dir='ltr'><strong>tuam</strong></span> <span class='ocrx_word' id='word_1_204' title='bbox 721 2741 833 2797; x_wconf 86' lang='lat' dir='ltr'><strong>usqne</strong></span> <span class='ocrx_word' id='word_1_205' title='bbox 856 2739 936 2782; x_wconf 89' lang='lat' dir='ltr'><strong>omne</strong></span> <span class='ocrx_word' id='word_1_206' title='bbox 959 2739 1050 2796; x_wconf 82' lang='lat' dir='ltr'><strong>genus</strong></span> <span class='ocrx_word' id='word_1_207' title='bbox 1072 2720 1173 2796; x_wconf 83' lang='lat' dir='ltr'><strong>placet.</strong></span> <span class='ocrx_word' id='word_1_208' title='bbox 1210 2720 1251 2779; x_wconf 94' lang='lat' dir='ltr'><strong>In</strong></span> <span class='ocrx_word' id='word_1_209' title='bbox 1273 2736 1324 2778; x_wconf 92' lang='lat' dir='ltr'><strong>ec-</strong></span> 
     </span>
    </p>

    <p class='ocr_par' dir='ltr' id='par_1_6' title="bbox 196 2805 1326 2885">
     <span class='ocr_line' id='line_1_22' title="bbox 196 2805 1326 2885; baseline -0.005 -15"><span class='ocrx_word' id='word_1_210' title='bbox 196 2812 371 2872; x_wconf 88' lang='lat' dir='ltr'><strong>clesiaste</strong></span> <span class='ocrx_word' id='word_1_211' title='bbox 404 2827 477 2885; x_wconf 85' lang='lat' dir='ltr'><strong>cap.</strong></span> <span class='ocrx_word' id='word_1_212' title='bbox 500 2811 557 2869; x_wconf 88' lang='lat' dir='ltr'><strong>XI:</strong></span> <span class='ocrx_word' id='word_1_213' title='bbox 590 2811 708 2868; x_wconf 83' lang='lat' dir='ltr'><strong>Laetare</strong></span> <span class='ocrx_word' id='word_1_214' title='bbox 731 2826 810 2883; x_wconf 81' lang='lat' dir='ltr'><strong>ergo,</strong></span> <span class='ocrx_word' id='word_1_215' title='bbox 832 2808 955 2879; x_wconf 90' lang='lat' dir='ltr'><strong>iuuenis,</strong></span> <span class='ocrx_word' id='word_1_216' title='bbox 988 2809 1019 2867; x_wconf 92' lang='lat' dir='ltr'><strong>iu</strong></span> <span class='ocrx_word' id='word_1_217' title='bbox 1052 2805 1244 2866; x_wconf 88' lang='lat' dir='ltr'><strong>adulescentia</strong></span> <span class='ocrx_word' id='word_1_218' title='bbox 1275 2806 1326 2864; x_wconf 89' lang='lat' dir='ltr'><strong>tna</strong></span> 
     </span>
    </p>
   </div>
   <div class='ocr_carea' id='block_1_5' title="bbox 198 3021 1326 3186">
    <p class='ocr_par' dir='ltr' id='par_1_7' title="bbox 198 3021 1326 3186">
     <span class='ocr_line' id='line_1_23' title="bbox 301 3021 1326 3096; baseline -0.006 -14"><span class='ocrx_word' id='word_1_219' title='bbox 301 3029 315 3082; x_wconf 90' lang='lat'>1</span> <span class='ocrx_word' id='word_1_220' title='bbox 333 3024 414 3082; x_wconf 74' lang='lat' dir='ltr'><strong>Eccli.</strong></span> <span class='ocrx_word' id='word_1_221' title='bbox 431 3025 474 3091; x_wconf 82' lang='grc'><strong>37,</strong></span> <span class='ocrx_word' id='word_1_222' title='bbox 493 3025 526 3080; x_wconf 82' lang='grc'><strong>27</strong></span> <span class='ocrx_word' id='word_1_223' title='bbox 545 3028 573 3079; x_wconf 88' lang='lat' dir='ltr'><strong>et</strong></span> <span class='ocrx_word' id='word_1_224' title='bbox 590 3025 624 3080; x_wconf 81' lang='grc'><strong>28</strong></span> <span class='ocrx_word' id='word_1_225' title='bbox 641 3026 685 3093; x_wconf 84' lang='grc'><strong>(30</strong></span> <span class='ocrx_word' id='word_1_226' title='bbox 698 3027 725 3080; x_wconf 90' lang='lat' dir='ltr'><strong>et</strong></span> <span class='ocrx_word' id='word_1_227' title='bbox 736 3023 782 3096; x_wconf 82' lang='grc'><strong>31)</strong></span> <span class='ocrx_word' id='word_1_228' title='bbox 880 3023 896 3078; x_wconf 85' lang='grc'><strong>3</strong></span> <span class='ocrx_word' id='word_1_229' title='bbox 914 3025 992 3080; x_wconf 88' lang='lat' dir='ltr'><strong>Eccli.</strong></span> <span class='ocrx_word' id='word_1_230' title='bbox 1012 3023 1046 3078; x_wconf 85' lang='grc'><strong>32</strong></span> <span class='ocrx_word' id='word_1_231' title='bbox 1065 3021 1130 3094; x_wconf 85' lang='grc'><strong>(35),</strong></span> <span class='ocrx_word' id='word_1_232' title='bbox 1146 3021 1230 3077; x_wconf 80' lang='lat'><strong>7—13</strong></span> <span class='ocrx_word' id='word_1_233' title='bbox 1248 3021 1326 3092; x_wconf 75' lang='lat'>(10-</span> 
     </span>
     <span class='ocr_line' id='line_1_24' title="bbox 198 3111 915 3186; baseline -0.004 -18"><span class='ocrx_word' id='word_1_234' title='bbox 198 3115 241 3186; x_wconf 79' lang='grc'><strong>11)</strong></span> <span class='ocrx_word' id='word_1_235' title='bbox 346 3113 379 3168; x_wconf 82' lang='grc'><strong>13</strong></span> <span class='ocrx_word' id='word_1_236' title='bbox 395 3113 481 3169; x_wconf 82' lang='lat' dir='ltr'><strong>Ecclc.</strong></span> <span class='ocrx_word' id='word_1_237' title='bbox 500 3113 541 3178; x_wconf 86' lang='lat'><strong>11,</strong></span> <span class='ocrx_word' id='word_1_238' title='bbox 558 3113 575 3168; x_wconf 84' lang='lat'>9</span> <span class='ocrx_word' id='word_1_239' title='bbox 594 3114 621 3167; x_wconf 85' lang='lat' dir='ltr'><strong>at</strong></span> <span class='ocrx_word' id='word_1_240' title='bbox 639 3112 672 3166; x_wconf 92' lang='grc'><strong>10</strong></span> <span class='ocrx_word' id='word_1_241' title='bbox 689 3115 718 3166; x_wconf 90' lang='lat' dir='ltr'><strong>et</strong></span> <span class='ocrx_word' id='word_1_242' title='bbox 734 3111 820 3166; x_wconf 77' lang='lat' dir='ltr'><strong>Ecclc.</strong></span> <span class='ocrx_word' id='word_1_243' title='bbox 839 3111 882 3176; x_wconf 82' lang='lat'><strong>12,</strong></span> <span class='ocrx_word' id='word_1_244' title='bbox 901 3111 915 3165; x_wconf 96' lang='lat'>1</span> 
     </span>
    </p>
   </div>
   <div class='ocr_carea' id='block_1_6' title="bbox 195 3315 1330 4427">
    <p class='ocr_par' dir='ltr' id='par_1_8' title="bbox 195 3315 1330 4427">
     <span class='ocr_line' id='line_1_25' title="bbox 250 3315 1325 3391; baseline -0.007 -15"><span class='ocrx_word' id='word_1_245' title='bbox 250 3321 346 3391; x_wconf 90' lang='lat' dir='ltr'><strong>lillic]</strong></span> <span class='ocrx_word' id='word_1_246' title='bbox 365 3321 394 3374; x_wconf 87' lang='lat' dir='ltr'><strong>iu</strong></span> <span class='ocrx_word' id='word_1_247' title='bbox 411 3319 590 3376; x_wconf 83' lang='lat' dir='ltr'><strong>ecclesiastico</strong></span> <span class='ocrx_word' id='word_1_248' title='bbox 609 3317 696 3373; x_wconf 81' lang='lat' dir='ltr'><strong>MLO</strong></span> <span class='ocrx_word' id='word_1_249' title='bbox 787 3318 891 3387; x_wconf 87' lang='lat' dir='ltr'><strong>tempta</strong></span> <span class='ocrx_word' id='word_1_250' title='bbox 909 3317 979 3372; x_wconf 88' lang='lat' dir='ltr'><strong>enim</strong></span> <span class='ocrx_word' id='word_1_251' title='bbox 997 3315 1153 3370; x_wconf 82' lang='lat' dir='ltr'><strong>animamS</strong></span> <span class='ocrx_word' id='word_1_252' title='bbox 1247 3315 1325 3368; x_wconf 70' lang='lat' dir='ltr'><strong>dne-</strong></span> 
     </span>
     <span class='ocr_line' id='line_1_26' title="bbox 198 3400 1255 3477; baseline -0.009 -14"><span class='ocrx_word' id='word_1_253' title='bbox 198 3423 277 3477; x_wconf 90' lang='lat' dir='ltr'><strong>quam</strong></span> <span class='ocrx_word' id='word_1_254' title='bbox 288 3406 389 3463; x_wconf 68' lang='lat' dir='ltr'><strong>Mace</strong></span> <span class='ocrx_word' id='word_1_255' title='bbox 468 3407 630 3475; x_wconf 81' lang='lat' dir='ltr'><strong>potestatem</strong></span> <span class='ocrx_word' id='word_1_256' title='bbox 645 3406 650 3472; x_wconf 84' lang='grc' dir='ltr'>Ι</span> <span class='ocrx_word' id='word_1_257' title='bbox 665 3403 736 3458; x_wconf 91' lang='lat' dir='ltr'><strong>omni</strong></span> <span class='ocrx_word' id='word_1_258' title='bbox 749 3403 844 3472; x_wconf 67' lang='grc' dir='ltr'><strong><em>δάκῃ.</em></strong></span> <span class='ocrx_word' id='word_1_259' title='bbox 857 3418 911 3457; x_wconf 91' lang='lat' dir='ltr'><strong>non</strong></span> <span class='ocrx_word' id='word_1_260' title='bbox 929 3403 999 3457; x_wconf 89' lang='lat' dir='ltr'><strong>enim</strong></span> <span class='ocrx_word' id='word_1_261' title='bbox 1011 3403 1045 3456; x_wconf 82' lang='lat' dir='ltr'><strong>ot</strong></span> <span class='ocrx_word' id='word_1_262' title='bbox 1058 3401 1142 3456; x_wconf 72' lang='lat' dir='ltr'><strong>cattio</strong></span> <span class='ocrx_word' id='word_1_263' title='bbox 1155 3400 1255 3468; x_wconf 76' lang='lat' dir='ltr'><strong>tincae)</strong></span> 
     </span>
     <span class='ocr_line' id='line_1_27' title="bbox 197 3485 1330 3563; baseline -0.01 -14"><span class='ocrx_word' id='word_1_264' title='bbox 197 3495 215 3549; x_wconf 83' lang='grc'><strong>3</strong></span> <span class='ocrx_word' id='word_1_265' title='bbox 235 3494 307 3548; x_wconf 93' lang='lat' dir='ltr'><strong>omni</strong></span> <span class='ocrx_word' id='word_1_266' title='bbox 324 3509 406 3563; x_wconf 82' lang='lat' dir='ltr'><strong>genna</strong></span> <span class='ocrx_word' id='word_1_267' title='bbox 426 3493 449 3548; x_wconf 73' lang='grc' dir='ltr'><em>Β</em></span> <span class='ocrx_word' id='word_1_268' title='bbox 543 3491 607 3546; x_wconf 85' lang='lat' dir='ltr'><strong>item</strong></span> <span class='ocrx_word' id='word_1_269' title='bbox 624 3491 679 3546; x_wconf 93' lang='lat' dir='ltr'><strong>illic</strong></span> <span class='ocrx_word' id='word_1_270' title='bbox 697 3505 748 3544; x_wconf 82' lang='lat' dir='ltr'><strong>om.</strong></span> <span class='ocrx_word' id='word_1_271' title='bbox 766 3489 856 3545; x_wconf 79' lang='lat' dir='ltr'><strong>MLc&#39;</strong></span> <span class='ocrx_word' id='word_1_272' title='bbox 952 3487 1105 3543; x_wconf 86' lang='lat' dir='ltr'><strong>adolescens</strong></span> <span class='ocrx_word' id='word_1_273' title='bbox 1123 3485 1223 3556; x_wconf 74' lang='lat' dir='ltr'><strong>(adhol-</strong></span> <span class='ocrx_word' id='word_1_274' title='bbox 1244 3487 1275 3552; x_wconf 73' lang='lat' dir='ltr'><strong>(I)</strong></span> <span class='ocrx_word' id='word_1_275' title='bbox 1291 3486 1330 3540; x_wconf 84' lang='grc' dir='ltr'><em>Μ</em></span> 
     </span>
     <span class='ocr_line' id='line_1_28' title="bbox 198 3572 1328 3646; baseline -0.007 -11"><span class='ocrx_word' id='word_1_276' title='bbox 198 3581 259 3646; x_wconf 80' lang='lat' dir='ltr'><strong>LO,</strong></span> <span class='ocrx_word' id='word_1_277' title='bbox 289 3580 477 3637; x_wconf 79' lang='lat' dir='ltr'><strong>adobscentS</strong></span> <span class='ocrx_word' id='word_1_278' title='bbox 574 3580 637 3634; x_wconf 71' lang='lat' dir='ltr'><strong>tin</strong></span> <span class='ocrx_word' id='word_1_279' title='bbox 652 3580 701 3632; x_wconf 85' lang='lat' dir='ltr'><strong>tna</strong></span> <span class='ocrx_word' id='word_1_280' title='bbox 717 3593 798 3632; x_wconf 88' lang='lat' dir='ltr'><strong>cansa</strong></span> <span class='ocrx_word' id='word_1_281' title='bbox 814 3577 859 3630; x_wconf 85' lang='lat' dir='ltr'><strong>uix</strong></span> <span class='ocrx_word' id='word_1_282' title='bbox 876 3575 974 3632; x_wconf 84' lang='lat' dir='ltr'><strong>MLO:</strong></span> <span class='ocrx_word' id='word_1_283' title='bbox 1004 3573 1146 3630; x_wconf 78' lang='lat' dir='ltr'><strong>munaus</strong></span> <span class='ocrx_word' id='word_1_284' title='bbox 1247 3572 1328 3628; x_wconf 87' lang='lat' dir='ltr'><strong>abeat</strong></span> 
     </span>
     <span class='ocr_line' id='line_1_29' title="bbox 197 3658 1261 3738; baseline -0.01 -14"><span class='ocrx_word' id='word_1_285' title='bbox 197 3669 245 3724; x_wconf 71' lang='grc' dir='ltr'><strong>Μ’</strong></span> <span class='ocrx_word' id='word_1_286' title='bbox 348 3669 365 3722; x_wconf 85' lang='grc'>5</span> <span class='ocrx_word' id='word_1_287' title='bbox 391 3683 501 3738; x_wconf 87' lang='lat' dir='ltr'><strong>querens</strong></span> <span class='ocrx_word' id='word_1_288' title='bbox 528 3667 576 3723; x_wconf 76' lang='lat' dir='ltr'><strong>SC</strong></span> <span class='ocrx_word' id='word_1_289' title='bbox 676 3666 691 3718; x_wconf 81' lang='grc'><strong>7</strong></span> <span class='ocrx_word' id='word_1_290' title='bbox 718 3662 849 3734; x_wconf 76' lang='lat' dir='ltr'><strong>grandine</strong></span> <span class='ocrx_word' id='word_1_291' title='bbox 874 3663 913 3717; x_wconf 84' lang='grc' dir='ltr'><em>Μ</em></span> <span class='ocrx_word' id='word_1_292' title='bbox 1012 3660 1175 3716; x_wconf 74' lang='lat' dir='ltr'><strong>clementio</strong></span> <span class='ocrx_word' id='word_1_293' title='bbox 1202 3658 1261 3714; x_wconf 83' lang='grc' dir='ltr'><strong>ΜΟ</strong></span> 
     </span>
     <span class='ocr_line' id='line_1_30' title="bbox 195 3743 1327 3819; baseline -0.011 -9"><span class='ocrx_word' id='word_1_294' title='bbox 195 3755 311 3810; x_wconf 83' lang='lat' dir='ltr'><strong>9t1ices</strong></span> <span class='ocrx_word' id='word_1_295' title='bbox 328 3753 420 3818; x_wconf 83' lang='lat' dir='ltr'><strong>MLO,</strong></span> <span class='ocrx_word' id='word_1_296' title='bbox 450 3770 501 3810; x_wconf 85' lang='lat' dir='ltr'><strong>om.</strong></span> <span class='ocrx_word' id='word_1_297' title='bbox 519 3753 547 3817; x_wconf 75' lang='grc'><strong>8,</strong></span> <span class='ocrx_word' id='word_1_298' title='bbox 576 3754 605 3806; x_wconf 87' lang='lat' dir='ltr'><strong>tc</strong></span> <span class='ocrx_word' id='word_1_299' title='bbox 622 3751 736 3807; x_wconf 75' lang='lat' dir='ltr'><strong>nicene</strong></span> <span class='ocrx_word' id='word_1_300' title='bbox 831 3765 949 3819; x_wconf 73' lang='lat' dir='ltr'><strong>procurre</strong></span> <span class='ocrx_word' id='word_1_301' title='bbox 967 3747 1018 3802; x_wconf 80' lang='lat' dir='ltr'><strong>Lo</strong></span> <span class='ocrx_word' id='word_1_302' title='bbox 1110 3746 1181 3816; x_wconf 88' lang='lat' dir='ltr'><strong>prior</strong></span> <span class='ocrx_word' id='word_1_303' title='bbox 1199 3743 1248 3800; x_wconf 78' lang='lat' dir='ltr'><strong>So:</strong></span> <span class='ocrx_word' id='word_1_304' title='bbox 1276 3760 1327 3798; x_wconf 86' lang='lat' dir='ltr'><strong>om.</strong></span> 
     </span>
     <span class='ocr_line' id='line_1_31' title="bbox 198 3829 1262 3901; baseline -0.012 -5"><span class='ocrx_word' id='word_1_305' title='bbox 198 3841 286 3896; x_wconf 82' lang='lat' dir='ltr'><strong>MLO</strong></span> <span class='ocrx_word' id='word_1_306' title='bbox 385 3840 439 3896; x_wconf 94' lang='lat' dir='ltr'><strong>illic</strong></span> <span class='ocrx_word' id='word_1_307' title='bbox 458 3855 568 3894; x_wconf 82' lang='lat' dir='ltr'><strong>auocare</strong></span> <span class='ocrx_word' id='word_1_308' title='bbox 586 3839 705 3901; x_wconf 83' lang='lat' dir='ltr'><strong>MLOo,</strong></span> <span class='ocrx_word' id='word_1_309' title='bbox 733 3837 788 3892; x_wconf 92' lang='lat' dir='ltr'><strong>illic</strong></span> <span class='ocrx_word' id='word_1_310' title='bbox 812 3833 940 3890; x_wconf 63' lang='lat' dir='ltr'><strong>muctare</strong></span> <span class='ocrx_word' id='word_1_311' title='bbox 966 3833 1000 3900; x_wconf 83' lang='lat'><strong>0,</strong></span> <span class='ocrx_word' id='word_1_312' title='bbox 1029 3831 1100 3887; x_wconf 92' lang='lat' dir='ltr'><strong>illice</strong></span> <span class='ocrx_word' id='word_1_313' title='bbox 1120 3845 1214 3885; x_wconf 72' lang='lat' dir='ltr'><strong>noem</strong></span> <span class='ocrx_word' id='word_1_314' title='bbox 1239 3829 1262 3884; x_wconf 82' lang='lat' dir='ltr'><strong><em>S</em></strong></span> 
     </span>
     <span class='ocr_line' id='line_1_32' title="bbox 199 3913 1262 3991; baseline -0.009 -12"><span class='ocrx_word' id='word_1_315' title='bbox 199 3925 232 3979; x_wconf 85' lang='lat'><strong>10</strong></span> <span class='ocrx_word' id='word_1_316' title='bbox 259 3924 369 3980; x_wconf 86' lang='lat' dir='ltr'><strong>delectis</strong></span> <span class='ocrx_word' id='word_1_317' title='bbox 396 3925 420 3982; x_wconf 79' lang='lat' dir='ltr'><em>S</em></span> <span class='ocrx_word' id='word_1_318' title='bbox 519 3924 553 3978; x_wconf 87' lang='grc'><strong>12</strong></span> <span class='ocrx_word' id='word_1_319' title='bbox 579 3923 667 3978; x_wconf 66' lang='lat' dir='ltr'><strong>umba</strong></span> <span class='ocrx_word' id='word_1_320' title='bbox 695 3921 739 3991; x_wconf 85' lang='lat' dir='ltr'><strong>qni</strong></span> <span class='ocrx_word' id='word_1_321' title='bbox 760 3925 788 3974; x_wconf 88' lang='lat' dir='ltr'><strong>te</strong></span> <span class='ocrx_word' id='word_1_322' title='bbox 811 3937 832 3974; x_wconf 92' lang='lat' dir='ltr'><strong>r.</strong></span> <span class='ocrx_word' id='word_1_323' title='bbox 855 3919 883 3973; x_wconf 87' lang='lat' dir='ltr'><strong>b.</strong></span> <span class='ocrx_word' id='word_1_324' title='bbox 906 3936 926 3973; x_wconf 86' lang='lat' dir='ltr'><strong>s.</strong></span> <span class='ocrx_word' id='word_1_325' title='bbox 952 3934 973 3972; x_wconf 90' lang='lat' dir='ltr'><strong>e.</strong></span> <span class='ocrx_word' id='word_1_326' title='bbox 998 3934 1018 3972; x_wconf 89' lang='lat' dir='ltr'><strong>s.</strong></span> <span class='ocrx_word' id='word_1_327' title='bbox 1042 3919 1070 3971; x_wconf 88' lang='lat' dir='ltr'><strong>te</strong></span> <span class='ocrx_word' id='word_1_328' title='bbox 1097 3932 1147 3970; x_wconf 86' lang='lat' dir='ltr'><strong>om.</strong></span> <span class='ocrx_word' id='word_1_329' title='bbox 1174 3913 1262 3970; x_wconf 82' lang='lat' dir='ltr'><strong>MLO</strong></span> 
     </span>
     <span class='ocr_line' id='line_1_33' title="bbox 197 3999 1328 4082; baseline -0.013 -15"><span class='ocrx_word' id='word_1_330' title='bbox 197 4011 310 4082; x_wconf 87' lang='lat' dir='ltr'><strong>replcbIt</strong></span> <span class='ocrx_word' id='word_1_331' title='bbox 338 4012 360 4067; x_wconf 79' lang='lat' dir='ltr'><em>S</em></span> <span class='ocrx_word' id='word_1_332' title='bbox 461 4010 494 4065; x_wconf 82' lang='lat'><strong>13</strong></span> <span class='ocrx_word' id='word_1_333' title='bbox 520 4010 583 4074; x_wconf 89' lang='lat' dir='ltr'><strong>eccl,</strong></span> <span class='ocrx_word' id='word_1_334' title='bbox 611 4009 639 4072; x_wconf 81' lang='lat' dir='ltr'><strong>S,</strong></span> <span class='ocrx_word' id='word_1_335' title='bbox 671 4007 847 4063; x_wconf 85' lang='lat' dir='ltr'><strong>ecclesiastico</strong></span> <span class='ocrx_word' id='word_1_336' title='bbox 875 4005 939 4073; x_wconf 78' lang='lat' dir='ltr'><strong>Me,</strong></span> <span class='ocrx_word' id='word_1_337' title='bbox 968 4001 1015 4056; x_wconf 87' lang='lat' dir='ltr'><strong>nbi</strong></span> <span class='ocrx_word' id='word_1_338' title='bbox 1041 4017 1119 4072; x_wconf 88' lang='lat' dir='ltr'><strong>supra</strong></span> <span class='ocrx_word' id='word_1_339' title='bbox 1145 4001 1172 4056; x_wconf 85' lang='lat' dir='ltr'><em>L</em></span> <span class='ocrx_word' id='word_1_340' title='bbox 1274 3999 1328 4052; x_wconf 87' lang='lat' dir='ltr'><strong>lae-</strong></span> 
     </span>
     <span class='ocr_line' id='line_1_34' title="bbox 197 4085 1328 4170; baseline -0.014 -16"><span class='ocrx_word' id='word_1_341' title='bbox 197 4103 257 4154; x_wconf 86' lang='lat' dir='ltr'><strong>tare</strong></span> <span class='ocrx_word' id='word_1_342' title='bbox 282 4100 343 4170; x_wconf 88' lang='lat' dir='ltr'><strong>(let-</strong></span> <span class='ocrx_word' id='word_1_343' title='bbox 362 4098 422 4166; x_wconf 78' lang='lat' dir='ltr'><strong>LO)</strong></span> <span class='ocrx_word' id='word_1_344' title='bbox 446 4096 542 4152; x_wconf 84' lang='lat' dir='ltr'>MLO:</span> <span class='ocrx_word' id='word_1_345' title='bbox 573 4113 623 4152; x_wconf 87' lang='lat' dir='ltr'><strong>om.</strong></span> <span class='ocrx_word' id='word_1_346' title='bbox 651 4095 675 4151; x_wconf 79' lang='lat' dir='ltr'><strong><em>S</em></strong></span> <span class='ocrx_word' id='word_1_347' title='bbox 774 4092 928 4148; x_wconf 86' lang='lat' dir='ltr'><strong>adulescens</strong></span> <span class='ocrx_word' id='word_1_348' title='bbox 956 4089 1025 4158; x_wconf 80' lang='lat' dir='ltr'><strong>SM,</strong></span> <span class='ocrx_word' id='word_1_349' title='bbox 1055 4087 1127 4142; x_wconf 89' lang='lat' dir='ltr'><strong>adol·</strong></span> <span class='ocrx_word' id='word_1_350' title='bbox 1153 4087 1195 4150; x_wconf 83' lang='lat' dir='ltr'><strong>L,</strong></span> <span class='ocrx_word' id='word_1_351' title='bbox 1225 4085 1328 4140; x_wconf 86' lang='lat' dir='ltr'><strong>iuuenis</strong></span> 
     </span>
     <span class='ocr_line' id='line_1_35' title="bbox 200 4170 1330 4252; baseline -0.014 -12"><span class='ocrx_word' id='word_1_352' title='bbox 200 4185 238 4240; x_wconf 84' lang='lat' dir='ltr'><strong>Co</strong></span> <span class='ocrx_word' id='word_1_353' title='bbox 340 4184 487 4252; x_wconf 82' lang='lat' dir='ltr'><strong>iuuentute]</strong></span> <span class='ocrx_word' id='word_1_354' title='bbox 515 4181 711 4236; x_wconf 84' lang='lat' dir='ltr'><strong>adholesccntia</strong></span> <span class='ocrx_word' id='word_1_355' title='bbox 731 4181 798 4248; x_wconf 84' lang='lat' dir='ltr'><strong>G(c)</strong></span> <span class='ocrx_word' id='word_1_356' title='bbox 903 4176 936 4230; x_wconf 82' lang='lat'><strong>14</strong></span> <span class='ocrx_word' id='word_1_357' title='bbox 960 4174 1154 4230; x_wconf 87' lang='lat' dir='ltr'><strong>adolescentiae</strong></span> <span class='ocrx_word' id='word_1_358' title='bbox 1178 4170 1330 4240; x_wconf 80' lang='lat' dir='ltr'><strong>(adbel-O)</strong></span> 
     </span>
     <span class='ocr_line' id='line_1_36' title="bbox 200 4259 1325 4335; baseline -0.012 -9"><span class='ocrx_word' id='word_1_359' title='bbox 200 4271 261 4335; x_wconf 80' lang='lat' dir='ltr'><strong>Lo,</strong></span> <span class='ocrx_word' id='word_1_360' title='bbox 288 4271 432 4326; x_wconf 82' lang='lat' dir='ltr'><strong>iuuentutis</strong></span> <span class='ocrx_word' id='word_1_361' title='bbox 450 4287 466 4324; x_wconf 87' lang='lat' dir='ltr'><strong>c</strong></span> <span class='ocrx_word' id='word_1_362' title='bbox 557 4271 585 4323; x_wconf 92' lang='lat' dir='ltr'><strong>et</strong></span> <span class='ocrx_word' id='word_1_363' title='bbox 603 4267 709 4322; x_wconf 90' lang='lat' dir='ltr'><strong>ambula</strong></span> <span class='ocrx_word' id='word_1_364' title='bbox 727 4265 841 4329; x_wconf 68' lang='lat' dir='ltr'><strong>Modo,</strong></span> <span class='ocrx_word' id='word_1_365' title='bbox 868 4263 974 4320; x_wconf 88' lang='lat' dir='ltr'><strong>ambula</strong></span> <span class='ocrx_word' id='word_1_366' title='bbox 992 4261 1015 4316; x_wconf 80' lang='lat' dir='ltr'><strong><em>S</em></strong></span> <span class='ocrx_word' id='word_1_367' title='bbox 1104 4259 1136 4313; x_wconf 89' lang='grc'><strong>15</strong></span> <span class='ocrx_word' id='word_1_368' title='bbox 1154 4259 1183 4312; x_wconf 94' lang='lat' dir='ltr'><strong>in</strong></span> <span class='ocrx_word' id='word_1_369' title='bbox 1201 4259 1325 4329; x_wconf 76' lang='lat' dir='ltr'><strong>audacial</strong></span> 
     </span>
     <span class='ocr_line' id='line_1_37' title="bbox 199 4351 747 4427; baseline -0.013 -15"><span class='ocrx_word' id='word_1_370' title='bbox 199 4359 309 4427; x_wconf 82' lang='lat' dir='ltr'><strong>aspectu</strong></span> <span class='ocrx_word' id='word_1_371' title='bbox 326 4363 386 4424; x_wconf 75' lang='lat' dir='ltr'><strong>(ora.</strong></span> <span class='ocrx_word' id='word_1_372' title='bbox 404 4357 433 4410; x_wconf 83' lang='lat' dir='ltr'><strong>ln</strong></span> <span class='ocrx_word' id='word_1_373' title='bbox 451 4356 486 4409; x_wconf 83' lang='lat' dir='ltr'><strong>ab</strong></span> <span class='ocrx_word' id='word_1_374' title='bbox 504 4355 589 4408; x_wconf 72' lang='lat' dir='ltr'><strong>tuitio</strong></span> <span class='ocrx_word' id='word_1_375' title='bbox 607 4351 747 4418; x_wconf 55' lang='lat' dir='ltr'><strong>limnas&amp;</strong></span> 
     </span>
    </p>
   </div>
   <div class='ocr_carea' id='block_1_7' title="bbox 0 0 1586 4967">
    <p class='ocr_par' dir='ltr' id='par_1_9' title="bbox 0 0 1586 4967">
     <span class='ocr_line' id='line_1_38' title="bbox 0 0 1586 4967; baseline 0 0"><span class='ocrx_word' id='word_1_376' title='bbox 0 0 1586 4967; x_wconf 95' lang='lat' dir='ltr'><strong> </strong></span> 
     </span>
    </p>
   </div>
  </div>
 </body>
</html>
