3159 4967
249 414 314 479 458
474 411 521 466 De
539 409 666 465 diuinis
683 407 865 475 scripturis
884 406 954 460 siue
972 403 1152 474 Speculum.

253 602 423 668 extollitur.
467 603 565 668 Item
595 600 698 665 illic:
730 597 930 662 Temerarius
955 597 987 660 et
1016 595 1169 678 superbus
1197 589 1380 676 pestilentia

251 706 395 771 uocatur.
433 705 531 769 Item
553 704 659 769 illic:
682 702 755 767 Noli
777 701 939 784 superbire
963 699 1034 764 ante
1057 699 1260 780 conspectum
1281 694 1377 778 regis,

253 827 354 891 neque
375 809 407 872 in
428 807 508 874 locis
529 807 704 890 petentium
727 803 891 870 subsistas.
923 801 1038 867 melius
1054 802 1102 868 est
1118 800 1200 866 enirn
1215 799 1273 865 tibi
1295 797 1378 863 dici:

254 910 389 976 ascende
413 910 453 975 ad
474 931 537 989 me,
561 931 656 993 quam
678 908 838 975 humiliari
860 907 892 971 in
908 906 1078 990 conspectu
1093 903 1241 988 potentis.
1278 903 1378 968 Item

251 1015 288 1080 in
306 1014 607 1080 ecclesiastico:
631 1013 765 1079 Odibilis
781 1029 888 1076 coram
906 1011 964 1076 dec
981 1010 1014 1074 et
1027 1009 1205 1076 hominibus
1222 1005 1377 1089 superbia
1406 1033 1422 1074 a

253 1118 354 1182 Item
375 1118 483 1183 illic:
513 1118 555 1183 Et
577 1116 653 1199 qnid
675 1115 817 1199 superbit
837 1114 924 1178 terra
948 1114 980 1176 et
1001 1113 1101 1178 cinis?
1145 1112 1244 1176 Item
1269 1109 1377 1173 illic:

253 1220 438 1304 Synagogae
461 1221 666 1302 superborum
687 1237 749 1284 non
772 1218 832 1282 erit
854 1217 989 1282 sanitas:
1020 1215 1121 1280 frutex
1148 1214 1230 1278 enim
1254 1211 1379 1296 peccati

252 1322 449 1389 radicabitur
470 1324 502 1388 in
525 1323 599 1388 ilbs.
645 1323 743 1386 Item
768 1321 875 1386 illic:
906 1321 1035 1386 Initium
1057 1317 1222 1401 superbiae
1243 1315 1379 1382 hominis

254 1426 434 1509 apostatare
457 1425 575 1491 adeo:
598 1424 673 1508 quia
693 1425 817 1490 initium
840 1423 964 1509 peccati
987 1421 1087 1488 omnis
1103 1421 1256 1504 superbia
1285 1417 1379 1484 sedes

253 1527 370 1594 ducum
403 1530 608 1611 superborum
644 1527 780 1592 detraxit
813 1525 968 1602 dominus,
992 1526 1024 1588 et
1046 1523 1156 1590 sedere
1189 1522 1263 1588 iecit
1283 1521 1380 1586 mites
1394 1547 1423 1588 ro

252 1649 308 1714 pro
338 1631 411 1697 illis.
448 1631 574 1696 radices
603 1631 745 1713 gentium
775 1631 982 1712 superbarum
1009 1625 1139 1692 arefecit
1161 1625 1316 1703 dominns,
1347 1624 1380 1686 et

251 1731 409 1816 plantabit
435 1733 572 1799 humiles
603 1752 640 1798 ex
669 1733 745 1815 ipsis
775 1733 932 1816 gentibus·
970 1731 1109 1814 perdidit
1138 1729 1281 1795 dominus
1307 1745 1378 1792 rne-

252 1836 385 1902 moriam
415 1838 630 1920 snperbornm,
661 1837 694 1901 et
721 1836 851 1920 reliquit
878 1835 1063 1900 memoriam
1086 1833 1250 1898 humilium
1273 1848 1378 1896 sensu.

178 2065 223 2106 ·α
253 2043 328 2103 oculi
360 2046 389 2102 et
415 2043 547 2118 palpebre
575 2043 636 2101 eius
666 2044 697 2102 in
726 2044 785 2102 alia
815 2045 951 2103 subrecte.
995 2043 1084 2102 Item
1115 2061 1187 2119 cap.
1210 2039 1294 2102 XIII:
1325 2039 1378 2099 Su-

252 2131 356 2205 perbos
378 2131 407 2188 et
428 2145 565 2203 arrogans
585 2131 703 2187 uocatur
724 2129 863 2188 indoctas.
908 2129 996 2189 XXV:
1026 2131 1069 2189 No
1091 2129 1232 2203 gloriosus
1262 2143 1378 2202 apereas
1393 2145 1420 2186 ιε

254 2231 371 2288 quoram
403 2230 470 2288 rege
503 2217 531 2272 et
564 2215 595 2271 in
627 2215 687 2272 loco
716 2217 913 2289 magnatorum
934 2231 969 2272 ne
992 2216 1111 2274 stetcrIs.
1156 2215 1196 2273 In
1229 2211 1378 2274 ecelesi-

254 2301 374 2360 astico
397 2316 472 2375 cap.
496 2300 593 2360 VHII:
627 2300 748 2360 Odibilis
779 2317 894 2374 quoram
924 2301 974 2358 deo
1004 2303 1032 2358 et
1054 2302 1214 2360 bominibus
1237 2297 1378 2372 superbia.

253 2386 348 2444 Item
370 2386 438 2444 ibi:
470 2386 545 2456 Quid
574 2387 701 2460 superbit
728 2389 805 2444 terra
826 2405 840 2444 e
863 2387 957 2445 cinis?
1000 2387 1087 2444 Item
1109 2403 1181 2461 cap.
1205 2385 1267 2446 HI:
1297 2383 1379 2442 Sina-

254 2488 349 2547 gcgae
378 2473 559 2546 superborum
589 2488 646 2530 non
667 2472 721 2530 erit
742 2473 861 2532 sanitas.
906 2472 991 2530 Item
1015 2489 1088 2546 cap.
1112 2473 1194 2534 VIII:
1228 2471 1283 2542 Qui
1305 2485 1378 2528 oom-

199 2680 225 2739 μ
252 2659 315 2716 eius
347 2658 378 2716 ln
410 2659 469 2716 alta
501 2660 639 2717 subrecta.
682 2658 773 2716 Item
802 2675 874 2732 cap.
898 2659 978 2716 XXI:
1014 2657 1156 2733 Superbus
1184 2659 1213 2716 et
1241 2673 1420 2730 arrogansso

252 2746 371 2803 uomtur
392 2743 532 2802 indoctus.
576 2743 664 2802 Item
686 2760 758 2817 cap.
782 2742 874 2804 XXV:
896 2745 939 2802 Ne
961 2744 1103 2817 gloriosus
1126 2759 1264 2818 appareas
1286 2757 1378 2800 coram

250 2846 320 2902 rege
342 2831 372 2887 et
393 2829 423 2887 ln
443 2827 505 2886 loco
525 2831 721 2901 magnatorum
739 2846 775 2886 ne
798 2829 919 2888 steteris.
956 2829 996 2888 In
1022 2829 1283 2889 ecclesiastico
1305 2845 1378 2901 cap.

251 2915 323 2976 Vll:
348 2913 469 2974 Odibilis
494 2931 586 2972 coram
609 2914 659 2973 deo
682 2916 710 2973 et
731 2914 892 2973 bominibus
915 2915 1056 2989 superbia.
1100 2915 1188 2973 Item
1211 2915 1280 2972 ibi:
1304 2913 1379 2984 Quid

253 2999 382 3074 superbIt
409 3002 485 3057 terra
511 3001 540 3058 et
569 3000 651 3058 ciale.
696 2999 786 3058 Item
809 3016 881 3074 cap.
903 2999 971 3058 LII:
1005 3001 1166 3074 sinagogae
1196 3001 1379 3074 superborum

251 3101 309 3144 non
340 3086 393 3142 erit
426 3085 545 3144 sanitas.
588 3085 678 3144 Item
711 3102 782 3160 cap.
806 3085 890 3147 VIH:
926 3085 1042 3144 Iuttinm
1075 3087 1224 3160 superbiae
1256 3085 1420 3146 bominisns

253 3171 414 3243 apostatare
437 3187 455 3228 a
477 3171 527 3228 deo
550 3187 663 3244 nsque
694 3171 729 3229 ab
759 3187 792 3228 eo
822 3171 870 3244 qui
899 3171 967 3230 fecit
995 3171 1074 3230 illum
1099 3172 1217 3230 recessit
1239 3187 1285 3230 cor
1306 3171 1388 3240 eius,

356 3367 369 3419 1
394 3365 471 3419 Pron
494 3363 536 3434 21,
553 3366 588 3419 24
690 3367 707 3418 2
729 3367 807 3422 Pron.
831 3367 873 3432 25,
892 3370 909 3422 6
928 3371 955 3422 et
973 3369 988 3421 7
1091 3369 1108 3422 5
1130 3370 1209 3426 Eceli.
1233 3369 1310 3433 lot

251 3451 406 3594 (ligibfflll22
471 3452 486 3503 7
509 3452 590 3507 Eccli
613 3453 638 3520 3,
662 3453 696 3507 28
718 3455 774 3525 (30)
878 3455 895 3510 8
918 3455 999 3512 Eccli.
1023 3456 1065 3520 10,
1088 3455 1318 3522 12-18(14.15.
1338 3455 1379 3510 17.

287 3582 293 3594 ·
347 3581 353 3594 ·
407 3550 415 3602 )

304 3727 318 3780 1
344 3727 483 3781 extolletur
505 3727 542 3780 M
545 3727 621 3783 VLO
643 3726 817 3800 (inceperat),
842 3729 878 3796 cs.
897 3734 960 3798 389,
978 3735 997 3784 8
1099 3731 1126 3783 ln
1150 3730 1294 3800 prouerbiis
1316 3731 1380 3785 ML

255 3815 279 3870 G
362 3813 530 3882 pestilentiae
548 3814 574 3868 L
661 3815 724 3868 2in
739 3813 884 3884 prouerbiis
900 3816 966 3894 MC,
994 3816 1023 3870 in
1036 3815 1128 3870 eodem
1146 3817 1172 3870 L
1258 3818 1380 3872 owse

251 3899 412 3954 Item-Et
430 3898 492 3968 quid
509 3917 529 3954 s.
547 3903 567 3954 t.
586 3917 607 3956 e.
626 3903 691 3955 cinis
709 3901 808 3956 om.V
909 3903 972 3970 illic]
996 3902 1042 3957 ubi
1060 3918 1138 3971 snpra
1153 3903 1250 3962 MLG
1351 3907 1380 3956 et

253 3985 704 4055 qnid1etquiS,quidMLO
807 3991 878 4042 terra
903 3989 1018 4044 MLGo:
1036 3988 1161 4058 [erbas
1260 3991 1322 4060 illic]
1350 3991 1379 4044 in

253 4071 430 4126 ecclesiastico
454 4072 515 4126 ML
520 4072 568 4126 VO
667 4075 684 4128 8
705 4076 793 4128 aerbo
809 4075 878 4128 Item
888 4107 922 4116 —
933 4074 1040 4128 Initium
1053 4105 1086 4116 -
1099 4105 1132 4116 -
1144 4075 1288 4130 deminutio
1306 4078 1379 4132 uitae

253 4157 500 4225 eat(461,1)0m.
523 4159 549 4213 V
631 4159 789 4229 9superbia
806 4161 832 4214 L
925 4161 955 4214 11
974 4162 1094 4230 gentium
1111 4162 1225 4217 MLoo:
1250 4162 1379 4216 mentium

253 4243 278 4299 S
372 4242 405 4295 12
422 4242 556 4311 plantabIt
574 4245 597 4301 S
612 4243 761 4312 (iprirsocs)
857 4249 885 4300 et
901 4245 1017 4316 perdidIt
1034 4248 1121 4304 MLO
1217 4247 1249 4304 13
1266 4247 1379 4316 reliquid

252 4328 336 4384 SML
438 4332 563 4384 memoria
579 4332 642 4385 ML
744 4333 891 4388 sensumS
